@article{ahmed2009hippocampal,
  title={{The hippocampal rate code: Anatomy, physiology and theory}},
  author={Ahmed, O.J. and Mehta, M.R.},
  journal={Trends in Neurosciences},
  volume={32},
  number={6},
  pages={329--338},
  year={2009},
  note={\href{https://doi.org/10.1016/j.tins.2009.01.009}{https://doi.org/10.1016/j.tins.2009.01.009}}
}

@article{akil2011challenges,
  title={Challenges and opportunities in mining neuroscience data},
  author={Akil, H. and Martone, M.E. and Van Essen, D.C.},
  journal={Science},
  volume={331},
  number={6018},
  pages={708},
  year={2011},
  note={\href{https://doi.org/10.1126/science.1199305}{https://doi.org/10.1126/science.1199305}}
}

@article{aiken1995reduction,
  title={{Reduction of spike frequency adaptation and blockade of M-current in rat CA1 pyramidal neurones by linopirdine (DuP 996), a neurotransmitter release enhancer}},
  author={Aiken, S.P. and Lampe, B.J. and Brown, B.S.},
  journal={{British Journal of Pharmacology}},
  volume={115},
  number={7},
  pages={1163--1168},
  year={1995},
  note={\href{https://doi.org/10.1111/j.1476-5381.1995.tb15019.x}{https://doi.org/10.1111/j.1476-5381.1995.tb15019.x}}
}

@article{alger1980epileptiform,
  title={{Epileptiform burst afterhyperolarization: Calcium-dependent potassium potential in hippocampal CA1 pyramidal cells}},
  author={Alger, B.E. and Nicoll, R.A.},
  journal={Science},
  volume={210},
  number={4474},
  pages={1122--1124},
  year={1980},
  note={\href{https://doi.org/10.1126/science.7444438}{https://doi.org/10.1126/science.7444438}}
}

@article{alger1994single,
  title={{Single-channel activity correlated with medium-duration, Ca-dependent K current in cultured rat hippocampal neurones}},
  author={Alger, B.E. and Sim, J.A. and Brown, D.A.},
  journal={{Neuroscience Letters}},
  volume={168},
  number={1},
  pages={23--28},
  year={1994},
  note={\href{https://doi.org/10.1016/0304-3940(94)90407-3}{https://doi.org/10.1016/0304-3940(94)90407-3}}
}

@article{anderson2015dynamic,
  title={{Dynamic Hippocampal Circuits Support Learning-and Memory-Guided Behaviors}},
  author={Anderson, E.B. and Grossrubatscher, I. and Frank, L.},
  journal={Cold Spring Harbor Symposia on Quantitative Biology},
  volume={79},
  pages={51--58},
  year={2014},
  note={\href{https://doi.org/10.1101/sqb.2014.79.024760}{https://doi.org/10.1101/sqb.2014.79.024760}}
}

@article{andrade2012calcium,
  title={{The calcium-activated slow AHP: cutting through the Gordian knot}},
  author={Andrade, R. and Foehring, R.C. and Tzingounis, A.V.},
  journal={{Frontiers in Cellular Neuroscience}},
  volume={6},
  number={47},
  pages={1--12},
  year={2012},
  note={\href{https://doi.org/10.3389/fncel.2012.00047}{https://doi.org/10.3389/fncel.2012.00047}}
}

@article{applegate1988synaptic,
  title={Synaptic vesicle redistribution during hippocampal frequency potentiation and depression in young and aged rats},
  author={Applegate, M.D. and Landfield, P.W.},
  journal={Journal of Neuroscience},
  volume={8},
  number={4},
  pages={1096--1111},
  year={1988},
  note={\href{https://doi.org/10.1523/JNEUROSCI.08-04-01096.1988}{https://doi.org/10.1523/JNEUROSCI.08-04-01096.1988}}
}

@article{armananzas2015towards,
  title={Towards the automatic classification of neurons},
  author={Arma{\~n}anzas, R. and Ascoli, G.A.},
  journal={Trends in Neurosciences},
  volume={38},
  number={5},
  pages={307--318},
  year={2015},
  note={\href{https://doi.org/10.1016/j.tins.2015.02.004}{https://doi.org/10.1016/j.tins.2015.02.004}}
}

@article{avron1991minimal,
  title={A minimal biophysical model for an excitable and oscillatory neuron},
  author={Av-Ron, E. and Parnas, H. and Segel, L. A.},
  journal={Biological Cybernetics},
  volume={65},
  number={6},
  pages={487--500},
  year={1991},
  note={\href{https://doi.org/10.1007/BF00204662}{https://doi.org/10.1007/BF00204662}}
}

@article{avron1993basic,
  title={A basic biophysical model for bursting neurons},
  author={Av-Ron, E. and Parnas, H. and Segel, L.A.},
  journal={Biological Cybernetics},
  volume={69},
  number={1},
  pages={87--95},
  year={1993},
  note={\href{https://doi.org/10.1007/BF00201411}{https://doi.org/10.1007/BF00201411}}
}

@article{azevedo2009equal,
  title={Equal numbers of neuronal and nonneuronal cells make the human brain an isometrically scaled-up primate brain},
  author={Azevedo, F.A.C. and Carvalho, L.R.B. and Grinberg, L.T. and Farfel, J.M. and Ferretti, R.E.L. and Leite, R.E.P. and Lent, R. and Herculano-Houzel, S.},
  journal={Journal of Comparative Neurology},
  volume={513},
  number={5},
  pages={532--541},
  year={2009},
  note={\href{https://doi.org/10.1002/cne.21974}{https://doi.org/10.1002/cne.21974}}
}

@article{azouz1996ionic,
  title={{Ionic basis of spike after-depolarization and burst generation in adult rat hippocampal CA1 pyramidal cells}},
  author={Azouz, R. and Jensen, M.S. and Yaari, Y.},
  journal={Journal of Physiology},
  volume={492},
  number={1},
  pages={211--223},
  year={1996},
  note={\href{https://doi.org/10.1113/jphysiol.1996.sp021302}{https://doi.org/10.1113/jphysiol.1996.sp021302}}
}

@article{balasubramanian2009optimization,
  title={{Optimization of Ca$_v$1.2 screening with an automated planar patch clamp platform}},
  author={Balasubramanian, B. and Imredy, J.P. and Kim, D. and Penniman, J. and Lagrutta, A. and Salata, J.J.},
  journal={Journal of Pharmacological and Toxicological Methods},
  volume={59},
  number={2},
  pages={62--72},
  year={2009},
  note={\href{https://doi.org/10.1016/j.vascn.2009.02.002}{https://doi.org/10.1016/j.vascn.2009.02.002}}
}

@article{barnes1979memory,
  title={{Memory deficits associated with senescence: A neurophysiological and behavioral study in the rat}},
  author={Barnes, C.A.},
  journal={Journal of Comparative and Physiological Psychology},
  volume={93},
  number={1},
  pages={74--104},
  year={1979},
  note={\href{https://doi.org/10.1037/h0077579}{https://doi.org/10.1037/h0077579}}
}

@incollection{barnes1980spatial,
  title={Spatial memory and hippocampal synaptic plasticity in senescent and middle-aged rats},
  author={Barnes, C.A. and McNaughton, B.L.},
  editor={Stein, D.},
  booktitle={The Psychobiology of Aging: Problems and Perspectives},
  pages={253--272},
  year={1980},
  publisher={Elsevier}
}

@article{barnes1985age,
  title={An age comparison of the rates of acquisition and forgetting of spatial information in relation to long-term enhancement of hippocampal synapses},
  author={Barnes, C.A. and McNaughton, B.L.},
  journal={Behavioral Neuroscience},
  volume={99},
  number={6},
  pages={1040},
  year={1985},
  note={\href{https://doi.org/10.1037/0735-7044.99.6.1040}{https://doi.org/10.1037/0735-7044.99.6.1040}}
}

@article{barnes1997age,
  title={{Age-related decrease in the N-methyl-D-aspartate R-mediated excitatory postsynaptic potential in hippocampal region CA1}},
  author={Barnes, C.A. and Rao, G. and Shen, J.},
  journal={Neurobiology of Aging},
  volume={18},
  number={4},
  pages={445--452},
  year={1997},
  note={\href{https://doi.org/10.1016/S0197-4580(97)00044-4}{https://doi.org/10.1016/S0197-4580(97)00044-4}}
}

@article{belluscio2012cross,
  title={Cross-frequency phase--phase coupling between theta and gamma oscillations in the hippocampus},
  author={Belluscio, M.A. and Mizuseki, K. and Schmidt, R. and Kempter, R. and Buzs{\'a}ki, G.},
  journal={Journal of Neuroscience},
  volume={32},
  number={2},
  pages={423--435},
  year={2012},
  note={\href{https://doi.org/10.1523/JNEUROSCI.4122-11.2012}{https://doi.org/10.1523/JNEUROSCI.4122-11.2012}}
}

@article{best2001spatial,
  title={Spatial processing in the brain: the activity of hippocampal place cells},
  author={Best, P.J. and White, A.M. and Minai, A.},
  journal={Annual Review of Neuroscience},
  volume={24},
  number={1},
  pages={459--486},
  year={2001},
  note={\href{https://doi.org/10.1146/annurev.neuro.24.1.459}{https://doi.org/10.1146/annurev.neuro.24.1.459}}
}

@article{beurrier1999subthalamic,
  title={Subthalamic nucleus neurons switch from single-spike activity to burst-firing mode},
  author={Beurrier, C. and Congar, P. and Bioulac, B. and Hammond, C.},
  journal={Journal of Neuroscience},
  volume={19},
  number={2},
  pages={599--609},
  year={1999},
  note={\href{https://doi.org/10.1523/JNEUROSCI.19-02-00599.1999}{https://doi.org/10.1523/JNEUROSCI.19-02-00599.1999}}
}

@article{bianchi2012mechanisms,
  title={{On the mechanisms underlying the depolarization block in the spiking dynamics of CA1 pyramidal neurons}},
  author={Bianchi, D. and Marasco, A. and Limongiello, A. and Marchetti, C. and Marie, H. and Tirozzi, B. and Migliore, M.},
  journal={{Journal of Computational Neuroscience}},
  volume={33},
  number={2},
  pages={207--225},
  year={2012},
  note={\href{https://doi.org/10.1007/s10827-012-0383-y}{https://doi.org/10.1007/s10827-012-0383-y}}
}

@article{blalock2010effects,
  title={Effects of long-term pioglitazone treatment on peripheral and central markers of aging},
  author={Blalock, E.M. and Phelps, J.T. and Pancani, T. and Searcy, J.L. and Anderson, K.L. and Gant, J.C. and Popovic, J. and Avdiushko, M.G. and Cohen, D.A. and Chen, K.-C. and Porter, N.M. and Thibault, O.},
  journal={{PLOS ONE}},
  volume={5},
  number={4},
  pages={e10405},
  year={2010},
  note={\href{https://doi.org/10.1371/journal.pone.0010405}{https://doi.org/10.1371/journal.pone.0010405}}
}

@article{bland2002relationship,
  title={Relationship between membrane potential oscillations and rhythmic discharges in identified hippocampal theta-related cells},
  author={Bland, B.H. and Konopacki, J. and Dyck, R.H.},
  journal={Journal of Neurophysiology},
  volume={88},
  number={6},
  pages={3046--3066},
  year={2002},
  note={\href{https://doi.org/10.1152/jn.00315.2002}{https://doi.org/10.1152/jn.00315.2002}}
}

@article{bland2005heterogeneity,
  title={Heterogeneity among hippocampal pyramidal neurons revealed by their relation to theta-band oscillation and synchrony},
  author={Bland, B.H. and Konopacki, J. and Dyck, R.},
  journal={Experimental Neurology},
  volume={195},
  number={2},
  pages={458--474},
  year={2005},
  note={\href{https://doi.org/10.1016/j.expneurol.2005.06.007}{https://doi.org/10.1016/j.expneurol.2005.06.007}}
}

@article{blank2003small,
  title={{Small-conductance, {\Ca}-activated {\K} channel SK3 generates age-related memory and LTP deficits}},
  author={Blank, T. and Nijholt, I. and Kye, M-J. and Radulovic, J. and Spiess, J.},
  journal={Nature Neuroscience},
  volume={6},
  number={9},
  pages={911--912},
  year={2003},
  note={\href{https://doi.org/10.1038/nn1101}{https://doi.org/10.1038/nn1101}}
}

@article{bliss1973long,
  title={Long-lasting potentiation of synaptic transmission in the dentate area of the anaesthetized rabbit following stimulation of the perforant path},
  author={Bliss, T.V.P. and L{\o}mo, T.},
  journal={The Journal of Physiology},
  volume={232},
  number={2},
  pages={331--356},
  year={1973},
  note={\href{https://doi.org/10.1113/jphysiol.1973.sp010273}{https://doi.org/10.1113/jphysiol.1973.sp010273}}
}

@article{bodhinathan2010redox,
  title={Redox sensitive calcium stores underlie enhanced after hyperpolarization of aged neurons: role for ryanodine receptor mediated calcium signaling},
  author={Bodhinathan, K. and Kumar, A. and Foster, T.C.},
  journal={Journal of Neurophysiology},
  volume={104},
  number={5},
  pages={2586--2593},
  year={2010},
  note={\href{https://doi.org/10.1152/jn.00577.2010}{https://doi.org/10.1152/jn.00577.2010}}
}

@article{bond2004small,
  title={{Small conductance {\Ca}-activated {\K} channel knock-out mice reveal the identity of calcium-dependent afterhyperpolarization currents}},
  author={Bond, C.T. and Herson, P.S. and Strassmaier, T. and Hammond, R. and Stackman, R. and Maylie, J. and Adelman, J.P.},
  journal={Journal of Neuroscience},
  volume={24},
  number={23},
  pages={5301--5306},
  year={2004},
  note={\href{https://doi.org/10.1523/JNEUROSCI.0182-04.2004}{https://doi.org/10.1523/JNEUROSCI.0182-04.2004}}
}

@article{borde1995activity,
  title={{Activity-dependent response depression in rat hippocampal CA1 pyramidal neurons in vitro}},
  author={Borde, M. and Cazalets, J.R. and Buno, W.},
  journal={Journal of Neurophysiology},
  volume={74},
  number={4},
  pages={1714--1729},
  year={1995},
  note={\href{https://doi.org/10.1152/jn.1995.74.4.1714}{https://doi.org/10.1152/jn.1995.74.4.1714}}
}

@article{borde2000voltage,
  title={{Voltage-clamp analysis of the potentiation of the slow {\Ca}-activated {\K} current in hippocampal pyramidal neurons}},
  author={Borde, M. and Bonansco, C. and Fernandez de Sevilla, D. and Le Ray, D. and Bu{\~n}o, W.},
  journal={Hippocampus},
  volume={10},
  number={2},
  pages={198--206},
  year={2000},
  note={\href{https://doi.org/10.1002/(SICI)1098-1063(2000)10:2<198::AID-HIPO9>3.0.CO;2-F}{https://doi.org/10.1002/(SICI)1098-1063(2000)10:2<198::AID-HIPO9>3.0.CO;2-F}}
}

@article{borel2013frequency,
  title={{Frequency dependence of CA3 spike phase response arising from h-current properties}},
  author={Borel, M. and Guadagna, S. and Jang, H.J. and Kwag, J. and Paulsen, O.},
  journal={Frontiers in Cellular Neuroscience},
  volume={7},
  year={2013},
  note={\href{https://doi.org/10.3389/fncel.2013.00263}{https://doi.org/10.3389/fncel.2013.00263}}
}

@article{bowden2001somatic,
  title={{Somatic colocalization of rat SK1 and D class (Ca$_v$1.2) L-type calcium channels in rat CA1 hippocampal pyramidal neurons}},
  author={Bowden, S.E.H. and Fletcher, S. and Loane, D.J. and Marrion, N.V.},
  journal={Journal of Neuroscience},
  volume={21},
  number={20},
  pages={RC175--RC175},
  year={2001},
  note={\href{https://doi.org/10.1523/JNEUROSCI.21-20-j0006.2001}{https://doi.org/10.1523/JNEUROSCI.21-20-j0006.2001}}
}

@article{bragin1995gamma,
  title={{Gamma (40-100 Hz) oscillation in the hippocampus of the behaving rat}},
  author={Bragin, A. and Jand{\'o}, G. and N{\'a}dasdy, Z. and Hetke, J. and Wise, K. and Buzs{\'a}ki, G.},
  journal={Journal of Neuroscience},
  volume={15},
  number={1},
  pages={47--60},
  year={1995},
  publisher={\href{https://doi.org/10.1523/JNEUROSCI.15-01-00047.1995}{https://doi.org/10.1523/JNEUROSCI.15-01-00047.1995}}
}

@article{buchhalter1991electrophysiological,
  title={Electrophysiological comparison of pyramidal and stellate nonpyramidal neurons in dissociated cell culture of rat hippocampus},
  author={Buchhalter, J.R. and Dichter, M.A.},
  journal={Brain Research Bulletin},
  volume={26},
  number={3},
  pages={333--338},
  year={1991},
  note={\href{https://doi.org/10.1016/0361-9230(91)90003-3}{https://doi.org/10.1016/0361-9230(91)90003-3}}
}

@article{buzsaki1983cellular,
  title={{Cellular bases of hippocampal EEG in the behaving rat}},
  author={Buzs{\'a}ki, G. and Leung, L-W S. and Vanderwolf, C.H.},
  journal={Brain Research Reviews},
  volume={6},
  number={2},
  pages={139--171},
  year={1983},
  note={\href{https://doi.org/10.1016/0165-0173(83)90037-1}{https://doi.org/10.1016/0165-0173(83)90037-1}}
}

@article{buzsaki2002theta,
  title={Theta oscillations in the hippocampus},
  author={Buzs{\'a}ki, G.},
  journal={Neuron},
  volume={33},
  number={3},
  pages={325--340},
  year={2002},
  note={\href{https://doi.org/10.1016/s0896-6273(02)00586-x}{https://doi.org/10.1016/s0896-6273(02)00586-x}}
}

@article{buzsaki2012mechanisms,
  title={Mechanisms of gamma oscillations},
  author={Buzs{\'a}ki, G. and Wang, X.-J.},
  journal={Annual Review of Neuroscience},
  volume={35},
  pages={203},
  year={2012},
  note={\href{https://doi.org/10.1146/annurev-neuro-062111-150444}{https://doi.org/10.1146/annurev-neuro-062111-150444}}
}

@article{buzsaki2013memory,
  title={Memory, navigation and theta rhythm in the hippocampal-entorhinal system},
  author={Buzs{\'a}ki, G. and Moser, E.I.},
  journal={Nature Neuroscience},
  volume={16},
  number={2},
  pages={130--138},
  year={2013},
  note={\href{https://doi.org/10.1038/nn.3304}{https://doi.org/10.1038/nn.3304}}
}

@article{campbell1996aging,
  title={{Aging changes in voltage-gated calcium currents in hippocampal CA1 neurons}},
  author={Campbell, L.W. and Hao, S-Y. and Thibault, O. and Blalock, E.M. and Landfield, P.W.},
  journal={Journal of Neuroscience},
  volume={16},
  number={19},
  pages={6286--6295},
  year={1996},
 note={\href{https://doi.org/10.1523/JNEUROSCI.16-19-06286.1996}{https://doi.org/10.1523/JNEUROSCI.16-19-06286.1996}}
}

@article{caprioli1991spatial,
  title={{Spatial learning and memory in the radial maze: A longitudinal study in rats from 4 to 25 months of age}},
  author={Caprioli, A. and Ghirardi, O. and Giuliani, A. and Ramacci, M.T. and Angelucci, L.},
  journal={Neurobiology of Aging},
  volume={12},
  number={5},
  pages={605--607},
  year={1991},
  note={\href{https://doi.org/10.1016/0197-4580(91)90093-Y}{https://doi.org/10.1016/0197-4580(91)90093-Y}}
}

@article{carter2009sodium,
  title={Sodium entry during action potentials of mammalian neurons: incomplete inactivation and reduced metabolic efficiency in fast-spiking neurons},
  author={Carter, B.C. and Bean, B.P.},
  journal={Neuron},
  volume={64},
  number={6},
  pages={898--909},
  year={2009},
  note={\href{https://doi.org/10.1016/j.neuron.2009.12.011}{https://doi.org/10.1016/j.neuron.2009.12.011}}
}

@article{carter2012transient,
  title={Transient sodium current at subthreshold voltages: activation by EPSP waveforms},
  author={Carter, B.C. and Giessel, A.J. and Sabatini, B.L. and Bean, B.P.},
  journal={Neuron},
  volume={75},
  number={6},
  pages={1081--1093},
  year={2012},
  note={\href{http://dx.doi.org/10.1016/j.neuron.2012.08.033}{http://dx.doi.org/10.1016/j.neuron.2012.08.033}}
}

@article{chavis1996functional,
  title={{Functional coupling between ryanodine receptors and L-type calcium channels in neurons}},
  author={Chavis, P. and Fagni, L. and Lansman, J.B. and Bockaert, J.},
  journal={Nature},
  volume={382},
  number={6593},
  pages={719--722},
  year={1996},
  note={\href{https://doi.org/10.1038/382719a0}{https://doi.org/10.1038/382719a0}}
}

@article{chen2000expression,
  title={{Expression of $\alpha$1D subunit mRNA is correlated with L-type {\Ca} channel activity in single neurons of hippocampal ``zipper'' slices}},
  author={Chen, K.C. and Blalock, E.M. and Thibault, O. and Kaminker, P. and Landfield, P.W.},
  journal={Proceedings of the National Academy of Sciences},
  volume={97},
  number={8},
  pages={4357--4362},
  year={2000},
  note={\href{https://doi.org/10.1073/pnas.070056097}{https://doi.org/10.1073/pnas.070056097}}
}

@article{chen2005transitional,
  title={{A transitional period of {\Ca}-dependent spike afterdepolarization and bursting in developing rat CA1 pyramidal cells}},
  author={Chen, S. and Yue, C. and Yaari, Y.},
  journal={{Journal of Physiology}},
  volume={567},
  number={1},
  pages={79--93},
  year={2005},
  note={\href{https://doi.org/10.1113/jphysiol.2005.084590}{https://doi.org/10.1113/jphysiol.2005.084590}}
}

@article{chen2014role,
  title={{Role of small conductance {\Ca}-activated {\K} channels in controlling CA1 pyramidal cell excitability}},
  author={Chen, S. and Benninger, F. and Yaari, Y.},
  journal={Journal of Neuroscience},
  volume={34},
  number={24},
  pages={8219--8230},
  year={2014},
  note={\href{https://doi.org/10.1523/JNEUROSCI.0936-14.2014}{https://doi.org/10.1523/JNEUROSCI.0936-14.2014}}
}

@article{chen2005endogenous,
  title={{Endogenous PGE2 regulates membrane excitability and synaptic transmission in hippocampal CA1 pyramidal neurons}},
  author={Chen, C. and Bazan, N.G.},
  journal={{Journal of Neurophysiology}},
  volume={93},
  number={2},
  pages={929--941},
  year={2005},
  note={\href{https://doi.org/10.1152/jn.00696.2004}{https://doi.org/10.1152/jn.00696.2004}}
}

@article{chu2010electrophysiological,
  title={{Electrophysiological effects of SKF83959 on hippocampal CA1 pyramidal neurons: potential mechanisms for the drug's neuroprotective effects}},
  author={Chu, H-Y. and Gu, Q. and Jin, G-Z. and Hu, G-Y. and Zhen, X.},
  journal={{PLOS ONE}},
  volume={5},
  number={10},
  pages={e13118},
  year={2010},
  note={\href{https://doi.org/10.1371/journal.pone.0013118}{https://doi.org/10.1371/journal.pone.0013118}}
}

@article{clark2003neurological,
  title={{Neurological phenotype and synaptic function in mice lacking the Ca$_V$1.3 $\alpha$ subunit of neuronal L-type voltage-dependent {\Ca} channels}},
  author={Clark, N.C. and Nagano, N. and Kuenzi, F.M. and Jarolimek, W. and Huber, I. and Walter, D. and Wietzorrek, G. and Boyce, S. and Kullmann, D.M. and Striessnig, J. and Seabrook, G.R.},
  journal={Neuroscience},
  volume={120},
  number={2},
  pages={435--442},
  year={2003},
  note={\href{https://doi.org/10.1016/S0306-4522(03)00329-4}{https://doi.org/10.1016/S0306-4522(03)00329-4}}
}

@article{colgin2009frequency,
  title={Frequency of gamma oscillations routes flow of information in the hippocampus},
  author={Colgin, L.L. and Denninger, T. and Fyhn, M. and Hafting, T. and Bonnevie, T. and Jensen, O. and Moser, M.-B. and Moser, E.I.},
  journal={Nature},
  volume={462},
  number={7271},
  pages={353--357},
  year={2009},
  note={\href{https://doi.org/10.1038/nature08573}{https://doi.org/10.1038/nature08573}}
}

@article{colgin2010gamma,
  title={Gamma oscillations in the hippocampus},
  author={Colgin, L.L. and Moser, Edvard I},
  journal={Physiology},
  volume={25},
  number={5},
  pages={319--329},
  year={2010},
  note={\href{https://doi.org/10.1152/physiol.00021.2010}{https://doi.org/10.1152/physiol.00021.2010}}
}

@article{colom1987state,
  title={State-dependent spike train dynamics of hippocampal formation neurons: evidence for theta-on and theta-off cells},
  author={Colom, L.V. and Bland, B.H.},
  journal={Brain Research},
  volume={422},
  number={2},
  pages={277--286},
  year={1987},
  note={\href{https://doi.org/10.1016/0006-8993(87)90934-6}{https://doi.org/10.1016/0006-8993(87)90934-6}}
}

@article{connors1990intrinsic,
  title={Intrinsic firing patterns of diverse neocortical neurons},
  author={Connors, B.W. and Gutnick, M.J.},
  journal={Trends in Neurosciences},
  volume={13},
  number={3},
  pages={99--104},
  year={1990},
  note={\href{https://doi.org/10.1016/0166-2236(90)90185-D}{https://doi.org/10.1016/0166-2236(90)90185-D}}
}

@article{contreras2004electrophysiological,
  title={Electrophysiological classes of neocortical neurons},
  author={Contreras, D.},
  journal={Neural Networks},
  volume={17},
  number={5},
  pages={633--646},
  year={2004},
  note={\href{https://doi.org/10.1016/j.neunet.2004.04.003}{https://doi.org/10.1016/j.neunet.2004.04.003}}
}

@article{cooper1975age,
  title={Age-dependent changes in hippocampal theta},
  author={Cooper, R.L. and Prinz, P.N. and Marsh, G.R.},
  journal={Experimental Aging Research},
  volume={1},
  number={1},
  pages={91--98},
  year={1975},
  note={\href{https://doi.org/10.1080/03610737508257950}{https://doi.org/10.1080/03610737508257950}}
}

@article{costa1996kinetic,
  title={{The kinetic parameters of sodium currents in maturing acutely isolated rat hippocampal CA1 neurones}},
  author={Costa, P.F.},
  journal={Developmental Brain Research},
  volume={91},
  number={1},
  pages={29--40},
  year={1996},
  note={\href{https://doi.org/10.1016/0165-3806(95)00159-X}{https://doi.org/10.1016/0165-3806(95)00159-X}}
}

@article{Covarrubiasetal1991,
title={{Shaker, Shal, Shab, and Shaw expresss independent {\K}-current systems}},
author={Covarrubias, M. and Wei, A. and Salkoff, L.},
journal={Neuron},
volume={7},
number={5},
pages={763--773},
year={1991},
note={\href{https://doi.org/10.1016/0896-6273(91)90279-9}{https://doi.org/10.1016/0896-6273(91)90279-9}}
}

@article{csicsvari1998reliability,
  title={Reliability and state dependence of pyramidal cell--interneuron synapses in the hippocampus: an ensemble approach in the behaving rat},
  author={Csicsvari, J. and Hirase, H. and Czurko, A. and Buzs{\'a}ki, G.},
  journal={Neuron},
  volume={21},
  number={1},
  pages={179--189},
  year={1998},
  note={\href{https://doi.org/10.1016/S0896-6273(00)80525-5}{https://doi.org/10.1016/S0896-6273(00)80525-5}}
}

@article{csicsvari1999oscillatory,
  title={Oscillatory coupling of hippocampal pyramidal cells and interneurons in the behaving rat},
  author={Csicsvari, J. and Hirase, H. and Czurk{\'o}, A. and Mamiya, A. and Buzs{\'a}ki, G.},
  journal={Journal of Neuroscience},
  volume={19},
  number={1},
  pages={274--287},
  year={1999},
  note={\href{https://doi.org/10.1523/JNEUROSCI.19-01-00274.1999}{https://doi.org/10.1523/JNEUROSCI.19-01-00274.1999}}
}

@article{csicsvari2003mechanisms,
  title={Mechanisms of gamma oscillations in the hippocampus of the behaving rat},
  author={Csicsvari, J. and Jamieson, B. and Wise, K.D. and Buzs{\'a}ki, G.},
  journal={Neuron},
  volume={37},
  number={2},
  pages={311--322},
  year={2003},
  note={\href{https://doi.org/10.1016/S0896-6273(02)01169-8}{https://doi.org/10.1016/S0896-6273(02)01169-8}}
}

@article{daoudal2003long,
  title={Long-term plasticity of intrinsic excitability: learning rules and mechanisms},
  author={Daoudal, G. and Debanne, D.},
  journal={Learning \& Memory},
  volume={10},
  number={6},
  pages={456--465},
  year={2003},
  note={\href{https://doi.org/10.1101/lm.64103}{https://doi.org/10.1101/lm.64103}}
}

@article{davare2003increased,
  title={{Increased phosphorylation of the neuronal L-type {\Ca} channel Ca$_v$1.2 during aging}},
  author={Davare, M.A. and Hell, J.W.},
  journal={Proceedings of the National Academy of Sciences},
  volume={100},
  number={26},
  pages={16018--16023},
  year={2003},
  note={\href{https://doi.org/10.1073/pnas.2236970100}{https://doi.org/10.1073/pnas.2236970100}}
}

@article{davis2006homeostatic,
  title={Homeostatic control of neural activity: from phenomenology to molecular design},
  author={Davis, G.W.},
  journal={Annual Reviews of Neuroscience},
  volume={29},
  pages={307--323},
  year={2006},
  note={\href{https://doi.org/10.1146/annurev.neuro.28.061604.135751}{https://doi.org/10.1146/annurev.neuro.28.061604.135751}}
}

@article{destexhe2001fluctuating,
  title={Fluctuating synaptic conductances recreate \textit{in vivo}-like activity in neocortical neurons},
  author={Destexhe, A. and Rudolph, M. and Fellous, J-M. and Sejnowski, T.J.},
  journal={Neuroscience},
  volume={107},
  number={1},
  pages={13--24},
  year={2001},
  note={\href{https://doi.org/10.1016/S0306-4522(01)00344-X}{https://doi.org/10.1016/S0306-4522(01)00344-X}}
}

@article{destexhe2004plasticity,
  title={Plasticity in single neuron and circuit computations},
  author={Destexhe, A. and Marder, E.},
  journal={Nature},
  volume={431},
  number={7010},
  pages={789--795},
  year={2004},
  note={\href{https://doi.org/10.1038/nature03011}{https://doi.org/10.1038/nature03011}}
}

@article{destexhe2004novel,
  title={A novel method for characterizing synaptic noise in cortical neurons},
  author={Destexhe, A. and Badoual, M. and Piwkowska, Z. and Bal, T. and Rudolph, M.},
  journal={Neurocomputing},
  volume={58},
  pages={191--196},
  year={2004},
  note={\href{https://doi.org/10.1016/j.neucom.2004.01.042}{https://doi.org/10.1016/j.neucom.2004.01.042}}
}

@article{deupree1993age,
  title={{Age-related alterations in potentiation in the CA1 region in F344 rats}},
  author={Deupree, D.L. and Bradley, J. and Turner, D.A.},
  journal={Neurobiology of Aging},
  volume={14},
  number={3},
  pages={249--258},
  year={1993},
  note={\href{https://doi.org/10.1016/0197-4580(93)90009-Z}{https://doi.org/10.1016/0197-4580(93)90009-Z}}
}

@article{disterhoft1996calcium,
  title={Calcium-dependent afterhyperpolarization and learning in young and aging hippocampus},
  author={Disterhoft, J.F. and Thompson, L.T. and Moyer, J.R. and Mogul, D.J.},
  journal={{Life Sciences}},
  volume={59},
  number={5},
  pages={413--420},
  year={1996},
  note={\href{https://doi.org/10.1016/0024-3205(96)00320-7}{https://doi.org/10.1016/0024-3205(96)00320-7}}
}

@article{disterhoft2004biophysical,
  title={{Biophysical alterations of hippocampal pyramidal neurons in learning, ageing and Alzheimer's disease}},
  author={Disterhoft, J.F. and Wu, W.W. and Ohno, M.},
  journal={Ageing Research Reviews},
  volume={3},
  number={4},
  pages={383--406},
  year={2004},
  note={\href{https://doi.org/10.1016/j.arr.2004.07.001}{https://doi.org/10.1016/j.arr.2004.07.001}}
}

@article{dragoi2006temporal,
  title={Temporal encoding of place sequences by hippocampal cell assemblies},
  author={Dragoi, G. and Buzs{\'a}ki, G.},
  journal={Neuron},
  volume={50},
  number={1},
  pages={145--157},
  year={2006},
  note={\href{https://doi.org/10.1016/j.neuron.2006.02.023}{https://doi.org/10.1016/j.neuron.2006.02.023}}
}

@article{echegoyen2007homeostatic,
  title={Homeostatic plasticity studied using in vivo hippocampal activity-blockade: synaptic scaling, intrinsic plasticity and age-dependence},
  author={Echegoyen, J. and Neu, A. and Graber, K.D. and Soltesz, I.},
  journal={PLOS ONE},
  volume={2},
  number={8},
  pages={e700},
  year={2007},
  note={\href{https://doi.org/10.1371/journal.pone.0000700}{https://doi.org/10.1371/journal.pone.0000700}}
}

@article{el2014synaptic,
  title={Synaptic plasticity and memory: New insights from hippocampal left--right asymmetries},
  author={El-Gaby, M. and Shipton, O.A. and Paulsen, O.},
  journal={The Neuroscientist},
  pages={490--502},
  year={2014},
  note={\href{https://doi.org/10.1177/1073858414550658}{https://doi.org/10.1177/1073858414550658}}
}

@article{endresen2000theory,
  title={A theory for the membrane potential of living cells},
  author={Endresen, L.P. and Hall, K. and H{\o}ye, J.S. and Myrheim, J.},
  journal={European Biophysics Journal},
  volume={29},
  number={2},
  pages={90--103},
  year={2000},
  note={\href{https://doi.org/10.1007/s002490050254}{https://doi.org/10.1007/s002490050254}}
}

@book{ermentrout2010mathematical,
  title={{Mathematical Foundations of Neuroscience}},
  author={Ermentrout, G.B. and Terman, D.H.},
  year={2010},
  publisher={Springer Science \& Business Media},
  note={\href{https://doi.org/10.1007/978-0-387-87708-2}{https://doi.org/10.1007/978-0-387-87708-2}}
}

@article{estacion2010sodium,
  title={{A sodium channel mutation linked to epilepsy increases ramp and persistent current of Nav1.3 and induces hyperexcitability in hippocampal neurons}},
  author={Estacion, M. and Gasser, A. and Dib-Hajj, S.D. and Waxman, S.G.},
  journal={Experimental Neurology},
  volume={224},
  number={2},
  pages={362--368},
  year={2010},
  note={\href{https://doi.org/10.1016/j.expneurol.2010.04.012}{https://doi.org/10.1016/j.expneurol.2010.04.012}}
}

@article{faber2001morphological,
  title={Morphological and electrophysiological properties of principal neurons in the rat lateral amygdala in vitro},
  author={Faber, E.S.L. and Callister, R.J. and Sah, P.},
  journal={Journal of Neurophysiology},
  volume={85},
  number={2},
  pages={714--723},
  year={2001},
  note={\href{https://doi.org/10.1152/jn.2001.85.2.714}{https://doi.org/10.1152/jn.2001.85.2.714}}
}

@article{fadool1998modulation,
  title={Modulation of olfactory bulb neuron potassium current by tyrosine phosphorylation},
  author={Fadool, D.A. and Levitan, I.B.},
  journal={Journal of Neuroscience},
  volume={18},
  number={16},
  pages={6126--6137},
  year={1998},
  note={\href{https://doi.org/10.1523/JNEUROSCI.18-16-06126.1998}{https://doi.org/10.1523/JNEUROSCI.18-16-06126.1998}}
}

@article{farmer2012learning,
  title={{Learning-dependent plasticity of hippocampal CA1 pyramidal neuron postburst afterhyperpolarizations and increased excitability after inhibitory avoidance learning depend upon basolateral amygdala inputs}},
  author={Farmer, G.E. and Thompson, L.T.},
  journal={Hippocampus},
  volume={22},
  number={8},
  pages={1703--1719},
  year={2012},
  note={\href{https://doi.org/10.1002/hipo.22005}{https://doi.org/10.1002/hipo.22005}}
}

@article{fellous2003synaptic,
  title={Synaptic background noise controls the input/output characteristics of single cells in an in vitro model of in vivo activity},
  author={Fellous, J-M and Rudolph, Michael and Destexhe, Alain and Sejnowski, Terrence J},
  journal={Neuroscience},
  volume={122},
  number={3},
  pages={811--829},
  year={2003},
  publisher={Elsevier}
}

@article{feng2015dissociation,
  title={Dissociation between the experience-dependent development of hippocampal theta sequences and single-trial phase precession},
  author={Feng, T. and Silva, D. and Foster, D.J.},
  journal={Journal of Neuroscience},
  volume={35},
  number={12},
  pages={4890--4902},
  year={2015},
  note={\href{https://doi.org/10.1523/JNEUROSCI.2614-14.2015}{https://doi.org/10.1523/JNEUROSCI.2614-14.2015}}
}

@article{fjell2014normal,
  title={{What is normal in normal aging? Effects of aging, amyloid and Alzheimer's disease on the cerebral cortex and the hippocampus}},
  author={Fjell, A.M. and McEvoy, L. and Holland, D. and Dale, A.M. and Walhovd, K.B. and {for the Alzheimer's Disease Neuroimaging Initiative}},
  journal={Progress in Neurobiology},
  volume={117},
  pages={20--40},
  year={2014},
  note={\href{https://doi.org/10.1016/j.pneurobio.2014.02.004}{https://doi.org/10.1016/j.pneurobio.2014.02.004}}
}

@article{frank2006hippocampal,
  title={Hippocampal and cortical place cell plasticity: Implications for episodic memory},
  author={Frank, L.M. and Brown, E.N. and Stanley, G.B.},
  journal={Hippocampus},
  volume={16},
  number={9},
  pages={775--784},
  year={2006},
  note={\href{https://doi.org/10.1002/hipo.20200}{https://doi.org/10.1002/hipo.20200}}
}

@article{freeman2007definitions,
  title={Definitions of state variables and state space for brain-computer interface},
  author={Freeman, W.J.},
  journal={Cognitive Neurodynamics},
  volume={1},
  number={1},
  pages={3--14},
  year={2007},
  publisher={\href{https://doi.org/10.1007/s11571-006-9001-x}{https://doi.org/10.1007/s11571-006-9001-x}}
}

@article{gage1984spatial,
  title={Spatial learning and motor deficits in aged rats},
  author={Gage, F.H. and Dunnett, S.B. and Bj{\"o}rklund, A.},
  journal={Neurobiology of Aging},
  volume={5},
  number={1},
  pages={43--48},
  year={1984},
  note={\href{https://doi.org/10.1016/0197-4580(84)90084-8}{https://doi.org/10.1016/0197-4580(84)90084-8}}
}

@article{gamelli2011deletion,
  title={{Deletion of the L-type calcium channel Ca$_v$1.3 but not Ca$_v$1.2 results in a diminished sAHP in mouse CA1 pyramidal neurons}},
  author={Gamelli, A.E. and McKinney, B.C. and White, J.A. and Murphy, G.G.},
  journal={Hippocampus},
  volume={21},
  number={2},
  pages={133--141},
  year={2011},
  note={\href{https://doi.org/10.1002/hipo.20728}{https://doi.org/10.1002/hipo.20728}}
}

@article{gant2006early,
  title={{Early and simultaneous emergence of multiple hippocampal biomarkers of aging is mediated by {\Ca}-induced {\Ca} release}},
  author={Gant, J.C. and Sama, M.M. and Landfield, P.W. and Thibault, O.},
  journal={{Journal of Neuroscience}},
  volume={26},
  number={13},
  pages={3482--3490},
  year={2006},
  note={\href{https://doi.org/10.1523/JNEUROSCI.4171-05.2006}{https://doi.org/10.1523/JNEUROSCI.4171-05.2006}}
}

@article{gant2009action,
  title={Action potential throughput in aged rat hippocampal neurons: regulation by selective forms of hyperpolarization},
  author={Gant, J.C. and Thibault, O.},
  journal={{Neurobiology of Aging}},
  volume={30},
  number={12},
  pages={2053--2064},
  year={2009},
  note={\href{https://doi.org/10.1016/j.neurobiolaging.2008.02.006}{https://doi.org/10.1016/j.neurobiolaging.2008.02.006}}
}

@article{gant2011disrupting,
  title={{Disrupting function of FK506-binding protein 1b/12.6 induces the {\Ca}-dysregulation aging phenotype in hippocampal neurons}},
  author={Gant, J.C. and Chen, K.-C. and Norris, C.M. and Kadish, I. and Thibault, O. and Blalock, E.M. and Porter, N.M. and Landfield, P.W.},
  journal={Journal of Neuroscience},
  volume={31},
  number={5},
  pages={1693--1703},
  year={2011},
  note={\href{https://doi.org/10.1523/JNEUROSCI.4805-10.2011}{https://doi.org/10.1523/JNEUROSCI.4805-10.2011}}
}

@article{gasparini2002phosphorylation,
  title={{Phosphorylation-dependent differences in the activation properties of distal and proximal dendritic {\Na} channels in rat CA1 hippocampal neurons}},
  author={Gasparini, S. and Magee, J.C.},
  journal={The Journal of Physiology},
  volume={541},
  number={3},
  pages={665--672},
  year={2002},
  note={\href{https://doi.org/10.1113/jphysiol.2002.020503}{https://doi.org/10.1113/jphysiol.2002.020503}}
}

@article{geiller2017segregated,
  title={{Segregated cell populations enable distinct parallel encoding within the radial axis of the CA1 pyramidal layer}},
  author={Geiller, T. and Royer, S. and Choi, J-S.},
  journal={Experimental Neurobiology},
  volume={26},
  number={1},
  pages={1--10},
  year={2017},
  note={\href{https://doi.org/10.5607/en.2017.26.1.1}{https://doi.org/10.5607/en.2017.26.1.1}}
}

@article{gibbs1997differential,
  title={{Differential epilepsy-associated alterations in postsynaptic GABAA receptor function in dentate granule and CA1 neurons}},
  author={Gibbs, J.W. and Shumate, M.D. and Coulter, D.A.},
  journal={Journal of Neurophysiology},
  volume={77},
  number={4},
  pages={1924--1938},
  year={1997},
  note={\href{https://doi.org/10.1152/jn.1997.77.4.1924}{https://doi.org/10.1152/jn.1997.77.4.1924}}
}

@article{giese1998reduced,
  title={{Reduced {\K} channel inactivation, spike broadening, and after-hyperpolarization in Kv$\beta$1. 1-deficient mice with impaired learning}},
  author={Giese, K.P. and Storm, J.F. and Reuter, D. and Fedorov, N.B. and Shao, L.-R. and Leicher, T. and Pongs, O. and Silva, A.J.},
  journal={Learning \& Memory},
  volume={5},
  number={4},
  pages={257--273},
  year={1998},
  note={\href{https://doi.org/10.1101/lm.5.4.257}{https://doi.org/10.1101/lm.5.4.257}}
}

@article{gillespie1996exact,
  title={Exact numerical simulation of the {Ornstein-Uhlenbeck} process and its integral},
  author={Gillespie, D.T.},
  journal={Physical Review E},
  volume={54},
  number={2},
  pages={2084},
  year={1996},
  note={\href{https://doi.org/10.1103/PhysRevE.54.2084}{https://doi.org/10.1103/PhysRevE.54.2084}}
}

@article{gillespie1996mathematics,
  title={{The mathematics of Brownian motion and Johnson noise}},
  author={Gillespie, D.T.},
  journal={American Journal of Physics},
  volume={64},
  number={3},
  pages={225--239},
  year={1996},
  note={\href{https://doi.org/10.1119/1.18210}{https://doi.org/10.1119/1.18210}}
}

@article{golding1999dendritic,
  title={{Dendritic calcium spike initiation and repolarization are controlled by distinct potassium channel subtypes in CA1 pyramidal neurons}},
  author={Golding, N.L. and Jung, H-Y. and Mickus, T. and Spruston, N.},
  journal={Journal of Neuroscience},
  volume={19},
  number={20},
  pages={8789--8798},
  year={1999},
  note={\href{https://doi.org/10.1523/JNEUROSCI.19-20-08789.1999}{https://doi.org/10.1523/JNEUROSCI.19-20-08789.1999}}
}

@article{golomb1993dynamics,
  title={Dynamics of globally coupled inhibitory neurons with heterogeneity},
  author={Golomb, D. and Rinzel, J.},
  journal={Physical Review E},
  volume={48},
  number={6},
  pages={4810},
  year={1993},
  note={\href{https://doi.org/10.1103/PhysRevE.48.4810}{https://doi.org/10.1103/PhysRevE.48.4810}}
}

@article{golomb2006contribution,
  title={{Contribution of persistent {\Na} current and M-type {\K} current to somatic bursting in CA1 pyramidal cells: combined experimental and modeling study}},
  author={Golomb, D. and Yue, C. and Yaari, Y.},
  journal={Journal of Neurophysiology},
  volume={96},
  number={4},
  pages={1912--1926},
  year={2006},
  note={\href{https://doi.org/10.1152/jn.00205.2006}{https://doi.org/10.1152/jn.00205.2006}}
}

@article{goutagny2009self,
  title={Self-generated theta oscillations in the hippocampus},
  author={Goutagny, R. and Jackson, J. and Williams, S.},
  journal={Nature Neuroscience},
  volume={12},
  number={12},
  pages={1491--1493},
  year={2009},
  note={\href{https://doi.org/10.1038/nn.2440}{https://doi.org/10.1038/nn.2440}}
}

@article{grashow2010compensation,
  title={Compensation for variable intrinsic neuronal excitability by circuit-synaptic interactions},
  author={Grashow, R. and Brookings, T. and Marder, E.},
  journal={Journal of Neuroscience},
  volume={30},
  number={27},
  pages={9145--9156},
  year={2010},
  note={\href{https://doi.org/10.1523/JNEUROSCI.0980-10.2010}{https://doi.org/10.1523/JNEUROSCI.0980-10.2010}}
}

@article{greer2018whole,
  title={{Whole-transcriptome changes in gene expression accompany aging of sensory neurons in \textit{Aplysia californica}}},
  author={Greer, J.B. and Schmale, M.C. and Fieber, L.A.},
  journal={BMC Genomics},
  volume={19},
  number={1},
  pages={529},
  year={2018},
  note={\href{https://doi.org/10.1186/s12864-018-4909-1}{https://doi.org/10.1186/s12864-018-4909-1}}
}

@article{groc2002vivo,
  title={{\textit{In vivo} blockade of neural activity alters dendritic development of neonatal CA1 pyramidal cells}},
  author={Groc, L. and Petanjek, Z. and Gustafsson, B. and Ben-Ari, Y. and Hanse, E. and Khazipov, R.},
  journal={European Journal of Neuroscience},
  volume={16},
  number={10},
  pages={1931--1938},
  year={2002},
  note={\href{https://doi.org/10.1046/j.1460-9568.2002.02264.x}{https://doi.org/10.1046/j.1460-9568.2002.02264.x}}
}

@article{gruart2007activity,
  title={{Activity-dependent changes of the hippocampal CA3--CA1 synapse during the acquisition of associative learning in conscious mice}},
  author={Gruart, A. and Delgado-Garc{\'\i}a, J.M.},
  journal={Genes, Brain and Behavior},
  volume={6},
  number={s1},
  pages={24--31},
  year={2007},
  note={\href{https://doi.org/10.1111/j.1601-183X.2007.00319.x}{https://doi.org/10.1111/j.1601-183X.2007.00319.x}}
}

@article{gu2005kv7,
  title={{Kv7/KCNQ/M and HCN/h, but not K$_{Ca}$2/SK channels, contribute to the somatic medium after-hyperpolarization and excitability control in CA1 hippocampal pyramidal cells}},
  author={Gu, N. and Vervaeke, K. and Hu, H. and Storm, J.F.},
  journal={Journal of Physiology},
  volume={566},
  number={3},
  pages={689--715},
  year={2005},
  note={\href{https://doi.org/10.1113/jphysiol.2005.086835}{https://doi.org/10.1113/jphysiol.2005.086835}}
}

@article{gu2007bk,
  title={{BK potassium channels facilitate high-frequency firing and cause early spike frequency adaptation in rat CA1 hippocampal pyramidal cells}},
  author={Gu, N. and Vervaeke, K. and Storm, J.F.},
  journal={Journal of Physiology},
  volume={580},
  number={3},
  pages={859--882},
  year={2007},
  note={\href{https://doi.org/10.1113/jphysiol.2006.126367}{https://doi.org/10.1113/jphysiol.2006.126367}}
}

@article{gu2008sk,
  title={{SK (K$_{Ca}$2) channels do not control somatic excitability in CA1 pyramidal neurons but can be activated by dendritic excitatory synapses and regulate their impact}},
  author={Gu, N. and Hu, H. and Vervaeke, K. and Storm, J.F.},
  journal={Journal of Neurophysiology},
  volume={100},
  number={5},
  pages={2589--2604},
  year={2008},
  note={\href{https://doi.org/10.1152/jn.90433.2008}{https://doi.org/10.1152/jn.90433.2008}}
}

@article{guzowski1999environment,
  title={{Environment-specific expression of the immediate-early gene \textit{Arc} in hippocampal neuronal ensembles}},
  author={Guzowski, J.F. and McNaughton, B.L. and Barnes, C.A. and Worley, P.F.},
  journal={Nature Neuroscience},
  volume={2},
  number={12},
  pages={1120--1124},
  year={1999},
  note={\href{https://doi.org/10.1038/16046}{https://doi.org/10.1038/16046}}
}

@misc{haeussler2015responsible,
  title={Responsible Content Mining},
  author={Haeussler, M. and Molloy, J. and Murray-Rust, P. and Oppenheim, C.},
  howpublished={ContentMine},
  year={2015},
  note={Retrieved August 2020 from \href{https://contentmining.files.wordpress.com/2015/06/responsible-content-mining-1.pdf}{https://contentmining.files.wordpress.com/2015/06/responsible-content-mining-1.pdf}}
}

@misc{handke2015europe,
  title={{Is Europe falling behind in data mining? Copyright's impact on data mining in academic research}},
  author={Handke, C. and Guibault, L. and Vallb{\'e}, J-J.},
  howpublished={Social Science Research Network (SSRN)},
  year={2015},
  note={Retrieved August 2020 from \href{http://dx.doi.org/10.2139/ssrn.2608513}{http://dx.doi.org/10.2139/ssrn.2608513}}
}

@article{harris2000accuracy,
  title={Accuracy of tetrode spike separation as determined by simultaneous intracellular and extracellular measurements},
  author={Harris, K.D. and Henze, D.A. and Csicsvari, J. and Hirase, H. and Buzs{\'a}ki, G.},
  journal={Journal of Neurophysiology},
  volume={84},
  number={1},
  pages={401--414},
  year={2000},
  note={\href{https://doi.org/10.1152/jn.2000.84.1.401}{https://doi.org/10.1152/jn.2000.84.1.401}}
}

@article{harvey2009intracellular,
  title={Intracellular dynamics of hippocampal place cells during virtual navigation},
  author={Harvey, C.D. and Collman, F. and Dombeck, D.A. and Tank, D.W.},
  journal={Nature},
  volume={461},
  number={7266},
  pages={941--946},
  year={2009},
  note={\href{https://doi.org/10.1038/nature08499}{https://doi.org/10.1038/nature08499}}
}

@article{hasselmo2005function,
  title={{What is the function of hippocampal theta rhythm?--Linking behavioral data to phasic properties of field potential and unit recording data}},
  author={Hasselmo, M.E.},
  journal={Hippocampus},
  volume={15},
  number={7},
  pages={936--949},
  year={2005},
  note={\href{https://doi.org/10.1002/hipo.20116}{https://doi.org/10.1002/hipo.20116}}
}

@article{hell1993identification,
  title={{Identification and differential subcellular localization of the neuronal class C and class D L-type calcium channel alpha 1 subunits}},
  author={Hell, J.W. and Westenbroek, R.E. and Warner, C. and Ahlijanian, M.K. and Prystay, W. and Gilbert, M.M. and Snutch, T.P. and Catterall, W.A.},
  journal={Journal of Cell Biology},
  volume={123},
  number={4},
  pages={949--962},
  year={1993},
  note={\href{https://doi.org/10.1083/jcb.123.4.949}{https://doi.org/10.1083/jcb.123.4.949}}
}

@article{herman1998up,
  title={{Up-regulation of $\alpha_{1D}$ {\Ca} channel subunit mRNA expression in the hippocampus of aged F344 rats}},
  author={Herman, J.P. and Chen, K-C. and Booze, R. and Landfield, P.W.},
  journal={Neurobiology of Aging},
  volume={19},
  number={6},
  pages={581--587},
  year={1998},
  note={\href{https://doi.org/10.1016/S0197-4580(98)00099-2}{https://doi.org/10.1016/S0197-4580(98)00099-2}}
}

@article{herrera2011reduced,
  title={Reduced models for the pacemaker dynamics of cardiac cells},
  author={Herrera-Valdez, M.A. and Lega, J.},
  journal={{Journal of Theoretical Biology}},
  volume={270},
  number={1},
  pages={164--176},
  year={2011},
  note={\href{https://doi.org/10.1016/j.jtbi.2010.09.042}{https://doi.org/10.1016/j.jtbi.2010.09.042}}
}

@article{herrera2012membranes,
  title={Membranes with the same ion channel populations but different excitabilities},
  author={Herrera-Valdez, M.A.},
  journal={PLOS ONE},
  volume={7},
  number={4},
  pages={e34636},
  year={2012},
  note={\href{https://doi.org/10.1371/journal.pone.0034636}{https://doi.org/10.1371/journal.pone.0034636}}
}

@article{herrera2013relating,
  title={Relating ion channel expression, bifurcation structure, and diverse firing patterns in a model of an identified motor neuron},
  author={Herrera-Valdez, M.A. and McKiernan, E.C. and Berger, S.D. and Ryglewski, S. and Duch, C. and Crook, S.},
  journal={Journal of Computational Neuroscience},
  volume={34},
  number={2},
  pages={211--229},
  year={2013},
  note={\href{https://doi.org/10.1007/s10827-012-0416-6}{https://doi.org/10.1007/s10827-012-0416-6}}
}


@article{herrera2018thermodynamic,
  title={A thermodynamic description for physiological transmembrane transport [version 2; peer review: 2 approved]},
  author={Herrera-Valdez, M.A.},
  journal={F1000Research},
  volume={7},
  year={2018},
  note={\href{https://doi.org/10.12688/f1000research.16169.2}{https://doi.org/10.12688/f1000research.16169.2}}
}

@article{herrera2020nonequivalent,
  title={An equation for the biological transmembrane potential from basic biophysical principles [version 1; peer review: 2 not approved]},
  author={Herrera-Valdez, M.A.},
  journal={F1000Research},
  volume={9},
  pages={676},
  year={2020},
  note={\href{https://doi.org/10.12688/f1000research.24205.1}{https://doi.org/10.12688/f1000research.24205.1}}
}


@book{hille2001ion,
  title={{Ion Channels of Excitable Membranes}},
  author={Hille, B.},
  year={2001},
  edition={3rd},
  publisher={Sinauer Associates, Sunderland, Massachusetts, U.S.A}
}

@article{hindmarsh1984model,
  title={A model of neuronal bursting using three coupled first order differential equations},
  author={Hindmarsh, J.L. and Rose, R.M.},
  journal={Proceedings of the Royal Society B},
  volume={221},
  number={1222},
  pages={87--102},
  year={1984},
  note={\href{https://doi.org/10.1098/rspb.1984.0024}{https://doi.org/10.1098/rspb.1984.0024}}
}

@article{hirschberg1998gating,
  title={{Gating of recombinant small-conductance Ca-activated {\K} channels by calcium}},
  author={Hirschberg, B. and Maylie, J. and Adelman, J.P. and Marrion, N.V.},
  journal={Journal of General Physiology},
  volume={111},
  number={4},
  pages={565--581},
  year={1998},
  note={\href{https://doi.org/10.1085/jgp.111.4.565}{https://doi.org/10.1085/jgp.111.4.565}}
}

@article{hirschberg1999gating,
  title={{Gating properties of single SK channels in hippocampal CA1 pyramidal neurons}},
  author={Hirschberg, B. and Maylie, J. and Adelman, J.P. and Marrion, N.V.},
  journal={Biophysical Journal},
  volume={77},
  number={4},
  pages={1905--1913},
  year={1999},
  note={\href{https://doi.org/10.1016/S0006-3495(99)77032-3}{https://doi.org/10.1016/S0006-3495(99)77032-3}}
}

@article{hodgkin1948local,
  title={The local electric changes associated with repetitive action in a non-medullated axon},
  author={Hodgkin, A.L.},
  journal={The Journal of Physiology},
  volume={107},
  number={2},
  pages={165--181},
  year={1948},
  note={\href{https://doi.org/10.1113/jphysiol.1948.sp004260}{https://doi.org/10.1113/jphysiol.1948.sp004260}}
}

@article{hodgkin1952quantitative,
  title={A quantitative description of membrane current and its application to conduction and excitation in nerve},
  author={Hodgkin, A.L. and Huxley, A.F.},
  journal={The Journal of Physiology},
  volume={117},
  number={4},
  pages={500--544},
  year={1952},
  note={\href{https://doi.org/10.1113/jphysiol.1952.sp004764}{https://doi.org/10.1113/jphysiol.1952.sp004764}}
}

@article{holscher1997stimulation,
  title={{Stimulation on the positive phase of hippocampal theta rhythm induces long-term potentiation that can be depotentiated by stimulation on the negative phase in area CA1 in vivo}},
  author={H{\"o}lscher, C. and Anwyl, R. and Rowan, M.J.},
  journal={Journal of Neuroscience},
  volume={17},
  number={16},
  pages={6470--6477},
  year={1997},
  note={\href{https://doi.org/10.1523/JNEUROSCI.17-16-06470.1997}{https://doi.org/10.1523/JNEUROSCI.17-16-06470.1997}}
}

@article{holscher1999synaptic,
  title={{Synaptic plasticity and learning and memory: LTP and beyond}},
  author={H{\"o}lscher, C.},
  journal={Journal of Neuroscience Research},
  volume={58},
  number={1},
  pages={62--75},
  year={1999},
  note={\href{https://doi.org/10.1002/(SICI)1097-4547(19991001)58:1<62::AID-JNR7>3.0.CO;2-G}{https://doi.org/10.1002/(SICI)1097-4547(19991001)58:1<62::AID-JNR7>3.0.CO;2-G}}
}

@article{honigsperger2015dorsoventral,
  title={{Dorsoventral differences in Kv7/M-current and its impact on resonance, temporal summation and excitability in rat hippocampal pyramidal cells}},
  author={H{\"o}nigsperger, C. and Marosi, M. and Murphy, R. and Storm, J.F.},
  journal={The Journal of Physiology},
  volume={593},
  number={7},
  pages={1551--1580},
  year={2015},
  note={\href{https://doi.org/10.1113/jphysiol.2014.280826}{https://doi.org/10.1113/jphysiol.2014.280826}}
}

@article{hotson1980calcium,
  title={A calcium-activated hyperpolarization follows repetitive firing in hippocampal neurons},
  author={Hotson, J.R. and Prince, D.A.},
  journal={Journal of Neurophysiology},
  volume={43},
  number={2},
  pages={409--419},
  year={1980},
  note={\href{https://doi.org/10.1152/jn.1980.43.2.409}{https://doi.org/10.1152/jn.1980.43.2.409}}
}

@article{hu2007m,
  title={M-channels (Kv7/KCNQ channels) that regulate synaptic integration, excitability, and spike pattern of CA1 pyramidal cells are located in the perisomatic region},
  author={Hu, H. and Vervaeke, K. and Storm, J.F.},
  journal={Journal of Neuroscience},
  volume={27},
  number={8},
  pages={1853--1867},
  year={2007},
  note={\href{https://doi.org/10.1523/JNEUROSCI.4463-06.2007}{https://doi.org/10.1523/JNEUROSCI.4463-06.2007}}
}

@article{huerta1995bidirectional,
  title={{Bidirectional synaptic plasticity induced by a single burst during cholinergic theta oscillation in CA1 in vitro}},
  author={Huerta, P.T. and Lisman, J.E.},
  journal={Neuron},
  volume={15},
  number={5},
  pages={1053--1063},
  year={1995},
  note={\href{https://doi.org/10.1016/0896-6273(95)90094-2}{https://doi.org/10.1016/0896-6273(95)90094-2}}
}

@article{huh2016excitatory,
  title={{Excitatory inputs determine phase-locking strength and spike-timing of CA1 stratum oriens/alveus parvalbumin and somatostatin interneurons during intrinsically generated hippocampal theta rhythm}},
  author={Huh, C.Y.L. and Amilhon, B. and Ferguson, K.A. and Manseau, F. and Torres-Platas, S.G. and Peach, J.P. and Scodras, S. and Mechawar, N. and Skinner, F.K. and Williams, S.},
  journal={Journal of Neuroscience},
  volume={36},
  number={25},
  pages={6605--6622},
  year={2016},
  note={\href{https://doi.org/10.1523/JNEUROSCI.3951-13.2016}{https://doi.org/10.1523/JNEUROSCI.3951-13.2016}}
}

@article{hunter2007matplotlib,
  title={{Matplotlib: A 2D graphics environment}},
  author={Hunter, J.D.},
  journal={Computing in Science \& Engineering},
  volume={9},
  number={3},
  pages={90--95},
  year={2007},
  note={\href{https://doi.org/10.1109/MCSE.2007.55}{https://doi.org/10.1109/MCSE.2007.55}}
}

@article{huxter2007inhibition,
  title={Inhibition of kainate receptors reduces the frequency of hippocampal theta oscillations},
  author={Huxter, J.R. and Zinyuk, L.E. and Roloff, E.v.L. and Clarke, V.R.J. and Dolman, N.P. and More, J.C.A. and Jane, D.E. and Collingridge, G.L. and Muller, R.U.},
  journal={Journal of Neuroscience},
  volume={27},
  number={9},
  pages={2212--2223},
  year={2007},
  note={\href{https://doi.org/10.1523/JNEUROSCI.3954-06.2007}{https://doi.org/10.1523/JNEUROSCI.3954-06.2007}}
}

@article{huxter2012hippocampal,
  title={The hippocampal physiology of approaching middle-age: Early indicators of change},
  author={Huxter, J.R. and Miranda, J.A. and Dias, R.},
  journal={Hippocampus},
  volume={22},
  number={9},
  pages={1923--1940},
  year={2012},
  note={\href{https://doi.org/10.1002/hipo.22027}{https://doi.org/10.1002/hipo.22027}}
}

@article{hyman2003stimulation,
  title={{Stimulation in hippocampal region CA1 in behaving rats yields long-term potentiation when delivered to the peak of theta and long-term depression when delivered to the trough}},
  author={Hyman, J.M. and Wyble, B.P. and Goyal, V. and Rossi, C.A. and Hasselmo, M.E.},
  journal={Journal of Neuroscience},
  volume={23},
  number={37},
  pages={11725--11731},
  year={2003},
  note={\href{https://doi.org/10.1523/JNEUROSCI.23-37-11725.2003}{https://doi.org/10.1523/JNEUROSCI.23-37-11725.2003}}
}

@article{perez2007ipython,
  title={{IPython: a system for interactive scientific computing}},
  author={P{\'e}rez, F. and Granger, B.E.},
  journal={Computing in Science \& Engineering},
  volume={9},
  number={3},
  pages={21--29},
  year={2007},
  note={\href{https://doi.org/10.1109/MCSE.2007.53}{https://doi.org/10.1109/MCSE.2007.53}}
}

@book{izhikevich2007dynamical,
  title={Dynamical Systems in Neuroscience: The Geometry of Excitability and Bursting},
  author={Izhikevich, E.M.},
  year={2007},
  publisher={MIT Press}
}

@article{jacobson2013hippocampal,
  title={Hippocampal theta, gamma, and theta-gamma coupling: effects of aging, environmental change, and cholinergic activation},
  author={Jacobson, T.K. and Howe, M.D. and Schmidt, B. and Hinman, J.R. and Escab{\'\i}, M.A. and Markus, E.J.},
  journal={Journal of Neurophysiology},
  volume={109},
  number={7},
  pages={1852--1865},
  year={2013},
  note={\href{https://doi.org/10.1152/jn.00409.2012}{https://doi.org/10.1152/jn.00409.2012}}
}

@article{jacobson2015age,
  title={{Age-related decrease in theta and gamma coherence across dorsal ca1 pyramidale and radiatum layers}},
  author={Jacobson, T.K. and Schmidt, B. and Hinman, J.R. and Escab{\'\i}, M.A. and Markus, E.J.},
  journal={Hippocampus},
  volume={25},
  page={1327--1335},
  year={2015},
  note={\href{https://doi.org/10.1002/hipo.22439}{https://doi.org/10.1002/hipo.22439}}
}

@article{jarsky2008distribution,
  title={Distribution of bursting neurons in the CA1 region and the subiculum of the rat hippocampus},
  author={Jarsky, T. and Mady, R. and Kennedy, B. and Spruston, N.},
  journal={Journal of Comparative Neurology},
  volume={506},
  number={4},
  pages={535--547},
  year={2008},
  note={\href{https://doi.org/10.1002/cne.21564}{https://doi.org/10.1002/cne.21564}}
}

@article{jensen1994variant,
  title={{Variant firing patterns in rat hippocampal pyramidal cells modulated by extracellular potassium}},
  author={Jensen, M.S. and Azouz, R. and Yaari, Y.},
  journal={Journal of Neurophysiology},
  volume={71},
  number={3},
  pages={831--839},
  year={1994},
  note={\href{https://doi.org/10.1152/jn.1994.71.3.831}{https://doi.org/10.1152/jn.1994.71.3.831}}
}

@article{jensen1996spike,
  title={{Spike after-depolarization and burst generation in adult rat hippocampal CA1 pyramidal cells}},
  author={Jensen, M.S. and Azouz, R. and Yaari, Y.},
  journal={The Journal of Physiology},
  volume={492},
  number={1},
  pages={199--210},
  year={1996},
  note={\href{https://doi.org/10.1113/jphysiol.1996.sp021301}{https://doi.org/10.1113/jphysiol.1996.sp021301}}
}

@book{johnston1995foundations,
  title={Foundations of Cellular Neurophysiology},
  author={Johnston, D. and Wu, S. M-S.},
  year={1995},
  publisher={MIT Press}
}

@article{jung1994comparison,
  title={Comparison of spatial firing characteristics of units in dorsal and ventral hippocampus of the rat},
  author={Jung, M.W. and Wiener, S.I. and McNaughton, B.L.},
  journal={Journal of Neuroscience},
  volume={14},
  number={12},
  pages={7347--7356},
  year={1994},
  note={\href{https://doi.org/10.1523/JNEUROSCI.14-12-07347.1994}{https://doi.org/10.1523/JNEUROSCI.14-12-07347.1994}}
}

@article{jung2009biphasic,
  title={{Biphasic somatic A-type K+ channel downregulation mediates intrinsic plasticity in hippocampal CA1 pyramidal neurons}},
  author={Jung, S-C. and Hoffman, D.A.},
  journal={PLOS ONE},
  volume={4},
  number={8},
  pages={e6549},
  year={2009},
  note={\href{https://doi.org/10.1371/journal.pone.0006549}{https://doi.org/10.1371/journal.pone.0006549}}
}

@article{kaczorowski2007stability,
  title={Stability and plasticity of intrinsic membrane properties in hippocampal CA1 pyramidal neurons: effects of internal anions},
  author={Kaczorowski, C.C. and Disterhoft, J. and Spruston, N.},
  journal={The Journal of Physiology},
  volume={578},
  number={3},
  pages={799--818},
  year={2007},
  note={\href{https://doi.org/10.1113/jphysiol.2006.124586}{https://doi.org/10.1113/jphysiol.2006.124586}}
}

@article{kaczorowski2009memory,
  title={Memory deficits are associated with impaired ability to modulate neuronal excitability in middle-aged mice},
  author={Kaczorowski, C.C. and Disterhoft, J.F.},
  journal={Learning \& Memory},
  volume={16},
  number={6},
  pages={362--366},
  year={2009},
  note={\href{https://doi.org/10.1101/lm.1365609}{https://doi.org/10.1101/lm.1365609}}
}

@article{kalinin2005boltzmann,
  title={Boltzmann's constant, the energy meaning of temperature, and thermodynamic irreversibility},
  author={Kalinin, M.I. and Kononogov, S.A.},
  journal={Measurement Techniques},
  volume={48},
  number={7},
  pages={632--636},
  year={2005},
  note={\href{https://doi.org/10.1007/s11018-005-0195-9}{https://doi.org/10.1007/s11018-005-0195-9}}
}

@article{kamondi1998theta,
  title={Theta oscillations in somata and dendrites of hippocampal pyramidal cells in vivo: Activity-dependent phase-precession of action potentials},
  author={Kamondi, A. and Acs{\'a}dy, L. and Wang, X-J. and Buzs{\'a}ki, G.},
  journal={Hippocampus},
  volume={8},
  number={3},
  pages={244--261},
  year={1998},
  note={\href{https://doi.org/10.1002/(SICI)1098-1063(1998)8:3<244::AID-HIPO7>3.0.CO;2-J}{https://doi.org/10.1002/(SICI)1098-1063(1998)8:3<244::AID-HIPO7>3.0.CO;2-J}}
}

@article{kay1987calcium,
  title={{Calcium current activation kinetics in isolated pyramidal neurones of the CA1 region of the mature guinea-pig hippocampus}},
  author={Kay, A.R. and Wong, R.K.},
  journal={The Journal of Physiology},
  volume={392},
  pages={603},
  year={1987},
  note={\href{https://doi.org/10.1113/jphysiol.1987.sp016799}{https://doi.org/10.1113/jphysiol.1987.sp016799}}
}

@article{kepecs2014interneuron,
  title={Interneuron cell types are fit to function},
  author={Kepecs, A. and Fishell, G.},
  journal={Nature},
  volume={505},
  number={7483},
  pages={318--326},
  year={2014},
  note={\href{https://doi.org/10.1038/nature12983}{https://doi.org/10.1038/nature12983}}
}

@article{ketelaars2001sodium,
  title={{Sodium currents in isolated rat CA1 pyramidal and dentate granule neurones in the post-status epilepticus model of epilepsy}},
  author={Ketelaars, S.O.M. and Gorter, J.A. and van Vliet, E.A. and Lopes da Silva, F.H. and Wadman, W.J.},
  journal={Neuroscience},
  volume={105},
  number={1},
  pages={109--120},
  year={2001},
  note={\href{https://doi.org/10.1016/S0306-4522(01)00176-2}{https://doi.org/10.1016/S0306-4522(01)00176-2}}
}

@article{kim2005kv4,
  title={{Kv4 potassium channel subunits control action potential repolarization and frequency-dependent broadening in rat hippocampal CA1 pyramidal neurones}},
  author={Kim, J. and Wei, D-S. and Hoffman, D.A.},
  journal={Journal of Physiology},
  volume={569},
  number={1},
  pages={41--57},
  year={2005},
  note={\href{https://doi.org/10.1113/jphysiol.2005.095042}{https://doi.org/10.1113/jphysiol.2005.095042}}
}

@article{kim2008kv4,
  title={{Kv4 accessory protein DPPX (DPP6) is a critical regulator of membrane excitability in hippocampal CA1 pyramidal neurons}},
  author={Kim, J. and Nadal, M.S. and Clemens, A.M. and Baron, M. and Jung, S-C. and Misumi, Y. and Rudy, B. and Hoffman, D.A.},
  journal={Journal of Neurophysiology},
  volume={100},
  number={4},
  pages={1835--1847},
  year={2008},
  note={\href{https://doi.org/10.1152/jn.90261.2008}{https://doi.org/10.1152/jn.90261.2008}}
}

@article{kim2017nonreciprocal,
  title={Nonreciprocal homeostatic compensation in Drosophila potassium channel mutants},
  author={Kim, E.Z. and Vienne, J. and Rosbash, M. and Griffith, L.C.},
  journal={Journal of Neurophysiology},
  volume={117},
  number={6},
  pages={2125--2136},
  year={2017},
  note={\href{https://doi.org/10.1152/jn.00002.2017}{https://doi.org/10.1152/jn.00002.2017}}
}

@article{king2015ikca,
  title={{IKCa channels are a critical determinant of the slow AHP in CA1 pyramidal neurons}},
  author={King, B. and Rizwan, A.P. and Asmara, H. and Heath, N.C. and Engbers, J.D.T. and Dykstra, S. and Bartoletti, T.M. and Hameed, S. and Zamponi, G.W. and Turner, R.W.},
  journal={Cell Reports},
  volume={11},
  number={2},
  pages={175--182},
  year={2015},
  note={\href{https://doi.org/10.1016/j.celrep.2015.03.026}{https://doi.org/10.1016/j.celrep.2015.03.026}}
}

@article{kirson2000unique,
  title={{Unique properties of NMDA receptors enhance synaptic excitation of radiatum giant cells in rat hippocampus}},
  author={Kirson, E.D. and Yaari, Y.},
  journal={Journal of Neuroscience},
  volume={20},
  number={13},
  pages={4844--4854},
  year={2000},
  note={\href{https://doi.org/10.1523/JNEUROSCI.20-13-04844.2000}{https://doi.org/10.1523/JNEUROSCI.20-13-04844.2000}}
}

@inproceedings{kluyver2016jupyter,
  title={{Jupyter Notebooks-a publishing format for reproducible computational workflows}},
  author={Kluyver, T. and Ragan-Kelley, B. and P{\'e}rez, F. and Granger, B.E. and Bussonnier, M. and Frederic, J. and Kelley, K. and Hamrick, J.B. and Grout, J. and Corlay, S. and Ivanov, P. and Avila, D. and Abdalla, S. and Willing, C. and Jupyter Development Team},
  editor={Loizides, F. and Schmidt,B.},
  booktitle={Positioning and Power in Academic Publishing: Players, Agents and Agendas},
  pages={87--90},
  year={2016},
  note={\href{https://doi.org/10.3233/978-1-61499-649-1-87}{https://doi.org/10.3233/978-1-61499-649-1-87}}
}

@article{kohl2011hemisphere,
  title={Hemisphere-specific optogenetic stimulation reveals left-right asymmetry of hippocampal plasticity},
  author={Kohl, M.M. and Shipton, O.A. and Deacon, R.M. and Rawlins, J.N.P. and Deisseroth, K. and Paulsen, O.},
  journal={Nature Neuroscience},
  volume={14},
  number={11},
  pages={1413--1415},
  year={2011},
  note={\href{https://doi.org/10.1038/nn.2915}{https://doi.org/10.1038/nn.2915}}
}

@incollection{konstantinovic2019effects,
  title={Effects of near-infrared low-level laser stimulation on neuronal excitability},
  author={Konstantinovi{\'c}, L.M. and Filipovi{\'c}, S.R.},
  editor={Hamblin, M.R. and Huang, Y-Y.},
  booktitle={Photobiomodulation in the Brain: Low-Level Laser (Light) Therapy in Neurology and Neuroscience},
  pages={233--240},
  year={2019},
  publisher={Academic Press},
  note={\href{https://doi.org/10.1016/B978-0-12-815305-5.00018-X}{https://doi.org/10.1016/B978-0-12-815305-5.00018-X}}
}

@article{kramar2004novel,
  title={A novel mechanism for the facilitation of theta-induced long-term potentiation by brain-derived neurotrophic factor},
  author={Kram{\'a}r, E.A. and Lin, B. and Lin, C.-Y. and Arai, A.C. and Gall, C.M. and Lynch, G.},
  journal={Journal of Neuroscience},
  volume={24},
  number={22},
  pages={5151--5161},
  year={2004},
  note={\href{https://doi.org/10.1523/JNEUROSCI.0800-04.2004}{https://doi.org/10.1523/JNEUROSCI.0800-04.2004}}
}

@article{kumar200217beta,
  title={{17$\beta$-estradiol benzoate decreases the AHP amplitude in CA1 pyramidal neurons}},
  author={Kumar, A. and Foster, T.C.},
  journal={Journal of Neurophysiology},
  volume={88},
  number={2},
  pages={621--626},
  year={2002},
  note={\href{https://doi.org/10.1152/jn.2002.88.2.621}{https://doi.org/10.1152/jn.2002.88.2.621}}
}

@article{kumar2007aging,
  title={{Aging effects on the limits and stability of long-term synaptic potentiation and depression in rat hippocampal area CA1}},
  author={Kumar, A. and Thinschmidt, J.S. and Foster, T.C. and King, M.A.},
  journal={Journal of Neurophysiology},
  volume={98},
  number={2},
  pages={594--601},
  year={2007},
  note={\href{https://doi.org/10.1152/jn.00249.2007}{https://doi.org/10.1152/jn.00249.2007}}
}

@article{kumar2007environmental,
  title={{Environmental enrichment decreases the afterhyperpolarization in senescent rats}},
  author={Kumar, A. and Foster, T.},
  journal={Brain Research},
  volume={1130},
  pages={103--107},
  year={2007},
  note={\href{https://doi.org/10.1016/j.brainres.2006.10.037}{https://doi.org/10.1016/j.brainres.2006.10.037}}
}

@article{kumar2012influence,
  title={{Influence of late-life exposure to environmental enrichment or exercise on hippocampal function and CA1 senescent physiology}},
  author={Kumar, A. and Rani, A. and Tchigranova, O. and Lee, W.-H. and Foster, T.C.},
  journal={Neurobiology of Aging},
  volume={33},
  number={4},
  pages={828--e1},
  year={2012},
  note={\href{https://doi.org/10.1016/j.neurobiolaging.2011.06.023}{https://doi.org/10.1016/j.neurobiolaging.2011.06.023}}
}

@article{kuo2010effect,
  title={Effect of aging on treadmill exercise induced theta power in the rat},
  author={Kuo, T.B.J. and Li, J-Y. and Hsieh, S.S-Y. and Chen, J-J. and Tsai, C-Y. and Yang, C.C.H.},
  journal={Age},
  volume={32},
  number={3},
  pages={297--308},
  year={2010},
  note={\href{https://doi.org/10.1007/s11357-010-9143-y}{https://doi.org/10.1007/s11357-010-9143-y}}
}

@article{lanahan1997selective,
  title={Selective alteration of long-term potentiation-induced transcriptional response in hippocampus of aged, memory-impaired rats},
  author={Lanahan, A. and Lyford, G. and Stevenson, G.S. and Worley, P.F. and Barnes, C.A.},
  journal={Journal of Neuroscience},
  volume={17},
  number={8},
  pages={2876--2885},
  year={1997},
  note={\href{https://doi.org/10.1523/JNEUROSCI.17-08-02876.1997}{https://doi.org/10.1523/JNEUROSCI.17-08-02876.1997}}
}

@article{lancaster2000novel,
  title={Novel action of BAPTA series chelators on intrinsic K+ currents in rat hippocampal neurones},
  author={Lancaster, B. and Batchelor, A.M.},
  journal={The Journal of Physiology},
  volume={522},
  number={2},
  pages={231--246},
  year={2000},
  note={\href{https://doi.org/10.1111/j.1469-7793.2000.t01-1-00231.x}{https://doi.org/10.1111/j.1469-7793.2000.t01-1-00231.x}}
}

@article{lancaster2001interaction,
  title={Interaction between synaptic excitation and slow afterhyperpolarization current in rat hippocampal pyramidal cells},
  author={Lancaster, B. and Hu, H. and Ramakers, G.M.J. and Storm, J.F.},
  journal={The Journal of Physiology},
  volume={536},
  number={3},
  pages={809--823},
  year={2001},
  note={\href{https://doi.org/10.1111/j.1469-7793.2001.00809.x}{https://doi.org/10.1111/j.1469-7793.2001.00809.x}}
}

@article{landfield1977impaired,
  title={Impaired monosynaptic potentiation in \textit{in vitro} hippocampal slices from aged, memory-deficient rats},
  author={Landfield, P.W. and Lynch, G.},
  journal={Journal of Gerontology},
  volume={32},
  number={5},
  pages={523--533},
  year={1977},
  note={\href{https://doi.org/10.1093/geronj/32.5.523}{https://doi.org/10.1093/geronj/32.5.523}}
}

@article{landfield1978impaired,
  title={Impaired synaptic potentiation processes in the hippocampus of aged, memory-deficient rats},
  author={Landfield, P.W. and McGaugh, J.L. and Lynch, G.},
  journal={Brain Research},
  volume={150},
  number={1},
  pages={85--101},
  year={1978},
  note={\href{https://doi.org/10.1016/0006-8993(78)90655-8}{https://doi.org/10.1016/0006-8993(78)90655-8}}
}

@article{landfield1984chronically,
  title={Chronically elevating plasma Mg$^{2+}$ improves hippocampal frequency potentiation and reversal learning in aged and young rats},
  author={Landfield, P.W. and Morgan, G.A.},
  journal={Brain Research},
  volume={322},
  number={1},
  pages={167--171},
  year={1984},
  note={\href{https://doi.org/10.1016/0006-8993(84)91199-5}{https://doi.org/10.1016/0006-8993(84)91199-5 }}
}

@article{landfield1984prolonged,
  title={{Prolonged {\Ca}-dependent afterhyperpolarizations in hippocampal neurons of aged rats}},
  author={Landfield, P.W. and Pitler, T.A.},
  journal={Science},
  volume={226},
  number={4678},
  pages={1089--1092},
  year={1984},
  note={\href{https://doi.org/10.1126/science.6494926}{https://doi.org/10.1126/science.6494926}}
}

@article{landfield1986effects,
  title={{The effects of high Mg$^{2+}$-to-Ca$^{2+}$ ratios on frequency potentiation in hippocampal slices of young and aged rats}},
  author={Landfield, P.W. and Pitler, T.A. and Applegate, M.D.},
  journal={Journal of Neurophysiology},
  volume={56},
  number={3},
  pages={797--811},
  year={1986},
  note={\href{https://doi.org/10.1152/jn.1986.56.3.797}{https://doi.org/10.1152/jn.1986.56.3.797}}
}

@article{larson2015theta,
  title={{Theta-burst LTP}},
  author={Larson, J. and Munk{\'a}csy, E.},
  journal={Brain Research},
  volume={1621},
  year={2015},
  pages={38--50},
  note={\href{https://doi.org/10.1016/j.brainres.2014.10.034}{https://doi.org/10.1016/j.brainres.2014.10.034}}
}

@article{lauri2007presynaptic,
  title={{Presynaptic mechanisms involved in the expression of STP and LTP at CA1 synapses in the hippocampus}},
  author={Lauri, S.E. and Palmer, M. and Segerstrale, M. and Vesikansa, A. and Taira, T. and Collingridge, G.L.},
  journal={Neuropharmacology},
  volume={52},
  number={1},
  pages={1--11},
  year={2007},
  publisher={\href{https://doi.org/10.1016/j.neuropharm.2006.06.017}{https://doi.org/10.1016/j.neuropharm.2006.06.017}}
}

@article{lee2004comparison,
  title={{Comparison of population coherence of place cells in hippocampal subfields CA1 and CA3}},
  author={Lee, I. and Yoganarasimha, D. and Rao, G. and Knierim, J.J.},
  journal={Nature},
  volume={430},
  number={6998},
  pages={456--459},
  year={2004},
  note={\href{https://doi.org/10.1038/nature02739}{https://doi.org/10.1038/nature02739}}
}

@article{lee2004double,
  title={{A double dissociation between hippocampal subfields: differential time course of CA3 and CA1 place cells for processing changed environments}},
  author={Lee, I. and Rao, G. and Knierim, J.J.},
  journal={Neuron},
  volume={42},
  number={5},
  pages={803--815},
  year={2004},
  note={\href{https://doi.org/10.1016/j.neuron.2004.05.010}{https://doi.org/10.1016/j.neuron.2004.05.010}}
}

@article{lee2012hippocampal,
  title={Hippocampal place fields emerge upon single-cell manipulation of excitability during behavior},
  author={Lee, D. and Lin, B-J. and Lee, A.K.},
  journal={Science},
  volume={337},
  number={6096},
  pages={849--853},
  year={2012},
  note={\href{https://doi.org/10.1126/science.1221489}{https://doi.org/10.1126/science.1221489}}
}

@article{lee2014parvalbumin,
  title={Parvalbumin-positive basket cells differentiate among hippocampal pyramidal cells},
  author={Lee, S-H. and Marchionni, I. and Bezaire, M. and Varga, C. and Danielson, N. and Lovett-Barron, M. and Losonczy, A. and Soltesz, I.},
  journal={Neuron},
  volume={82},
  number={5},
  pages={1129--1144},
  year={2014},
  note={\href{https://doi.org/10.1016/j.neuron.2014.03.034}{https://doi.org/10.1016/j.neuron.2014.03.034}}
}

@article{leung1998generation,
  title={Generation of theta and gamma rhythms in the hippocampus},
  author={Leung, L.S.},
  journal={Neuroscience \& Biobehavioral Reviews},
  volume={22},
  number={2},
  pages={275--290},
  year={1998},
  note={\href{https://doi.org/10.1016/S0149-7634(97)00014-6}{https://doi.org/10.1016/S0149-7634(97)00014-6}}
}

@article{li1992functional,
  title={{Functional modulation of brain sodium channels by cAMP-dependent phosphorylation}},
  author={Li, M. and West, J.W. and Lai, Y. and Scheuer, T. and Catterall, W.A.},
  journal={Neuron},
  volume={8},
  number={6},
  pages={1151--1159},
  year={1992},
  note={\href{https://doi.org/10.1016/0896-6273(92)90135-Z}{https://doi.org/10.1016/0896-6273(92)90135-Z}}
}

@article{lisman2005theta,
  title={The theta/gamma discrete phase code occurring during the hippocampal phase precession may be a more general brain coding scheme},
  author={Lisman, J.},
  journal={Hippocampus},
  volume={15},
  number={7},
  pages={913--922},
  year={2005},
  note={\href{https://doi.org/10.1002/hipo.20121}{https://doi.org/10.1002/hipo.20121}}
}

@article{madison1984control,
  title={{Control of the repetitive discharge of rat CA1 pyramidal neurones in vitro}},
  author={Madison, D.V. and Nicoll, R.A.},
  journal={Journal of Physiology},
  volume={354},
  number={1},
  pages={319--331},
  year={1984},
  note={\href{https://doi.org/10.1113/jphysiol.1984.sp015378}{ https://doi.org/10.1113/jphysiol.1984.sp015378}}
}

@article{magee1995characterization,
  title={{Characterization of single voltage-gated {\Na} and {\Ca} channels in apical dendrites of rat CA1 pyramidal neurons}},
  author={Magee, J.C. and Johnston, D.},
  journal={The Journal of Physiology},
  volume={487},
  number={1},
  pages={67},
  year={1995},
  note={\href{https://doi.org/10.1113/jphysiol.1995.sp020862}{https://doi.org/10.1113/jphysiol.1995.sp020862}}
}

@article{magee1996dihydropyridine,
  title={{Dihydropyridine-sensitive, voltage-gated {\Ca} channels contribute to the resting intracellular {\Ca} concentration of hippocampal CA1 pyramidal neurons}},
  author={Magee, J.C. and Avery, R.B. and Christie, B.R. and Johnston, D.},
  journal={Journal of Neurophysiology},
  volume={76},
  number={5},
  pages={3460--3470},
  year={1996},
  note={\href{https://doi.org/10.1152/jn.1996.76.5.3460}{https://doi.org/10.1152/jn.1996.76.5.3460}}
}

@article{maggio2007unique,
  title={Unique regulation of long term potentiation in the rat ventral hippocampus},
  author={Maggio, N. and Segal, M.},
  journal={Hippocampus},
  volume={17},
  number={1},
  pages={10},
  year={2007},
  note={\href{https://doi.org/10.1002/hipo.20237}{https://doi.org/10.1002/hipo.20237}}
}

@article{maggio2009differential,
  title={{Differential corticosteroid modulation of inhibitory synaptic currents in the dorsal and ventral hippocampus}},
  author={Maggio, N. and Segal, M.},
  journal={Journal of Neuroscience},
  volume={29},
  number={9},
  pages={2857--2866},
  year={2009},
  note={\href{https://doi.org/10.1523/JNEUROSCI.4399-08.2009}{https://doi.org/10.1523/JNEUROSCI.4399-08.2009}}
}

@article{malenka2004ltp,
  title={{LTP and LTD: an embarrassment of riches}},
  author={Malenka, R.C. and Bear, M.F.},
  journal={Neuron},
  volume={44},
  number={1},
  pages={5--21},
  year={2004},
  note={\href{https://doi.org/10.1016/j.neuron.2004.09.012}{https://doi.org/10.1016/j.neuron.2004.09.012}}
}

@article{malik2012enhanced,
  title={{Enhanced intrinsic excitability and EPSP-spike coupling accompany enriched environment-induced facilitation of LTP in hippocampal CA1 pyramidal neurons}},
  author={Malik, R. and Chattarji, S.},
  journal={Journal of Neurophysiology},
  volume={107},
  number={5},
  pages={1366--1378},
  year={2012},
  note={\href{https://doi.org/10.1152/jn.01009.2011}{https://doi.org/10.1152/jn.01009.2011}}
}

@article{manseau2017tuning,
  title={Tuning in the hippocampal theta band in vitro: methodologies for recording from the isolated rodent septohippocampal circuit},
  author={Manseau, F. and Williams, S.},
  journal={Journal of Visualized Experiments},
  volume={126},
  pages={e55851},
  year={2017},
  note={\href{https://doi.org/10.3791/55851}{https://doi.org/10.3791/55851}}
}

@article{marder2006variability,
  title={Variability, compensation and homeostasis in neuron and network function},
  author={Marder, E. and Goaillard, J-M.},
  journal={Nature Reviews Neuroscience},
  volume={7},
  number={7},
  pages={563--574},
  year={2006},
  note={\href{https://doi.org/10.1038/nrn1949}{https://doi.org/10.1038/nrn1949}}
}

@article{markowska1995cholinergic,
  title={Cholinergic manipulations in the medial septal area: age-related effects on working memory and hippocampal electrophysiology},
  author={Markowska, A.L. and Olton, D.S. and Givens, B.},
  journal={Journal of Neuroscience},
  volume={15},
  number={3},
  pages={2063--2073},
  year={1995},
  note={\href{https://doi.org/10.1523/JNEUROSCI.15-03-02063.1995}{https://doi.org/10.1523/JNEUROSCI.15-03-02063.1995}}
}

@article{markram2004interneurons,
  title={Interneurons of the neocortical inhibitory system},
  author={Markram, H. and Toledo-Rodriguez, M. and Wang, Y. and Gupta, A. and Silberberg, G. and Wu, C.},
  journal={Nature Reviews Neuroscience},
  volume={5},
  number={10},
  pages={793--807},
  year={2004},
  note={\href{https://doi.org/10.1038/nrn1519}{https://doi.org/10.1038/nrn1519}}
}

@article{martens2001distribution,
  title={{Distribution of [$^3$H]MK-801, [$^3$H]AMPA and [$^3$H]Kainate binding sites in rat hippocampal long-term slice cultures isolated from external afferents}},
  author={Martens, U. and Wree, A.},
  journal={Anatomy and Embryology},
  volume={203},
  number={6},
  pages={491--500},
  year={2001},
  note={\href{https://doi.org/10.1007/s004290100174}{https://doi.org/10.1007/s004290100174}}
}

@article{martina1997functional,
  title={Functional differences in {\Na} channel gating between fast-spiking interneurones and principal neurones of rat hippocampus},
  author={Martina, M. and Jonas, P.},
  journal={The Journal of Physiology},
  volume={505},
  number={3},
  pages={593--603},
  year={1997},
  note={\href{https://doi.org/10.1111/j.1469-7793.1997.593ba.x}{https://doi.org/10.1111/j.1469-7793.1997.593ba.x}}
}

@article{martina1998functional,
  title={{Functional and molecular differences between voltage-gated {\K} channels of fast-spiking interneurons and pyramidal neurons of rat hippocampus}},
  author={Martina, M. and Schultz, J.H. and Ehmke, H. and Monyer, H. and Jonas, P.},
  journal={Journal of Neuroscience},
  volume={18},
  number={20},
  pages={8111--8125},
  year={1998},
  note={\href{https://doi.org/10.1523/JNEUROSCI.18-20-08111.1998}{https://doi.org/10.1523/JNEUROSCI.18-20-08111.1998}}
}

@article{maruki2001differences,
  title={{Differences in paired-pulse facilitation and long-term potentiation between dorsal and ventral CA1 regions in anesthetized rats}},
  author={Maruki, K. and Izaki, Y. and Nomura, M. and Yamauchi, T.},
  journal={Hippocampus},
  volume={11},
  number={6},
  pages={655--661},
  year={2001},
  note={\href{https://doi.org/10.1002/hipo.1080}{https://doi.org/10.1002/hipo.1080}}
}

@article{mateos2014complementary,
  title={{Complementary functions of SK and Kv7/M potassium channels in excitability control and synaptic integration in rat hippocampal dentate granule cells}},
  author={Mateos-Aparicio, P. and Murphy, R. and Storm, J.F.},
  journal={Journal of Physiology},
  volume={592},
  number={4},
  pages={669--693},
  year={2014},
  note={\href{https://doi.org/10.1113/jphysiol.2013.267872}{https://doi.org/10.1113/jphysiol.2013.267872}}
}

@article{matthews2009fast,
  title={{The fast and slow afterhyperpolarizations are differentially modulated in hippocampal neurons by aging and learning}},
  author={Matthews, E.A. and Linardakis, J.M. and Disterhoft, J.F.},
  journal={Journal of Neuroscience},
  volume={29},
  number={15},
  pages={4750--4755},
  year={2009},
  note={\href{https://doi.org/10.1523/JNEUROSCI.0384-09.2009}{https://doi.org/10.1523/JNEUROSCI.0384-09.2009}}
}

@article{maurer2005self,
  title={Self-motion and the origin of differential spatial scaling along the septo-temporal axis of the hippocampus},
  author={Maurer, A.P. and VanRhoads, S.R. and Sutherland, G.R. and Lipa, P. and McNaughton, B.L.},
  journal={Hippocampus},
  volume={15},
  number={7},
  pages={841--852},
  year={2005},
  note={\href{https://doi.org/10.1002/hipo.20114}{https://doi.org/10.1002/hipo.20114}}
}

@article{mccormick1985comparative,
  title={Comparative electrophysiology of pyramidal and sparsely spiny stellate neurons of the neocortex},
  author={McCormick, D.A. and Connors, B.W. and Lighthall, J.W. and Prince, D.A.},
  journal={Journal of Neurophysiology},
  volume={54},
  number={4},
  pages={782--806},
  year={1985},
  note={\href{https://doi.org/10.1152/jn.1985.54.4.782}{https://doi.org/10.1152/jn.1985.54.4.782}}
}

@article{mckiernan2017ca1,
  title={{CA1 pyramidal cells have diverse biophysical properties, affected by development, experience, and aging}},
  author={McKiernan, E.C. and Marrone, D.F.},
  journal={PeerJ},
  volume={5},
  pages={e3836},
  year={2017},
  note={\href{https://doi.org/10.7717/peerj.3836}{https://doi.org/10.7717/peerj.3836}}
}

@article{mcnaughton1983contributions,
  title={The contributions of position, direction, and velocity to single unit activity in the hippocampus of freely-moving rats},
  author={McNaughton, B.L. and Barnes, C.A. and O'Keefe, J.},
  journal={Experimental Brain Research},
  volume={52},
  number={1},
  pages={41--49},
  year={1983},
  note={\href{https://doi.org/10.1007/BF00237147}{https://doi.org/10.1007/BF00237147}}
}

@article{mehta1997experience,
  title={Experience-dependent, asymmetric expansion of hippocampal place fields},
  author={Mehta, M.R. and Barnes, C.A. and McNaughton, B.L.},
  journal={Proceedings of the National Academy of Sciences},
  volume={94},
  number={16},
  pages={8918--8921},
  year={1997},
  note={\href{https://doi.org/10.1073/pnas.94.16.8918}{https://doi.org/10.1073/pnas.94.16.8918}}
}

@article{mehta2000experience,
  title={Experience-dependent asymmetric shape of hippocampal receptive fields},
  author={Mehta, M.R. and Quirk, M.C. and Wilson, M.A.},
  journal={Neuron},
  volume={25},
  number={3},
  pages={707--715},
  year={2000},
  note={\href{https://doi.org/10.1016/S0896-6273(00)81072-7}{https://doi.org/10.1016/S0896-6273(00)81072-7}}
}

@article{mehta2002role,
  title={Role of experience and oscillations in transforming a rate code into a temporal code},
  author={Mehta, M.R. and Lee, A.K. and Wilson, M.A.},
  journal={Nature},
  volume={417},
  number={6890},
  pages={741--746},
  year={2002},
  note={\href{https://doi.org/10.1038/nature00807}{https://doi.org/10.1038/nature00807}}
}

@article{melyan2002metabotropic,
  title={{Metabotropic-mediated kainate receptor regulation of I$_{sAHP}$ and excitability in pyramidal cells}},
  author={Melyan, Z. and Wheal, H.V. and Lancaster, B.},
  journal={Neuron},
  volume={34},
  number={1},
  pages={107--114},
  year={2002},
  note={\href{https://doi.org/10.1016/S0896-6273(02)00624-4}{https://doi.org/10.1016/S0896-6273(02)00624-4}}
}

@article{minge2011acute,
  title={{Acute alterations of somatodendritic action potential dynamics in hippocampal CA1 pyramidal cells after kainate-induced status epilepticus in mice}},
  author={Minge, D. and B{\"a}hring, R.},
  journal={PLOS ONE},
  volume={6},
  number={10},
  pages={e26664},
  year={2011},
  note={\href{https://doi.org/10.1371/journal.pone.0026664}{https://doi.org/10.1371/journal.pone.0026664}}
}

@article{mizuseki2011hippocampal,
  title={{Hippocampal CA1 pyramidal cells form functionally distinct sublayers}},
  author={Mizuseki, K. and Diba, K. and Pastalkova, E. and Buzs{\'a}ki, G.},
  journal={Nature Neuroscience},
  volume={14},
  number={9},
  pages={1174--1181},
  year={2011},
  note={\href{https://doi.org/10.1038/nn.2894}{https://doi.org/10.1038/nn.2894}}
}

@article{mohapatra2009regulation,
  title={{Regulation of intrinsic excitability in hippocampal neurons by activity-dependent modulation of the K$_V$2.1 potassium channel}},
  author={Mohapatra, D.P. and Misonou, H. and Sheng-Jun, P. and Held, J.E. and Surmeier, D.J. and Trimmer, J.S.},
  journal={Channels},
  volume={3},
  number={1},
  pages={46--56},
  year={2009},
  note={\href{https://doi.org/10.4161/chan.3.1.7655}{https://doi.org/10.4161/chan.3.1.7655}}
}

@article{molloy2011open,
  title={{The Open Knowledge Foundation: open data means better science}},
  author={Molloy, J.C.},
  journal={PLoS Biology},
  volume={9},
  number={12},
  pages={e1001195},
  year={2011},
  note={\href{https://doi.org/10.1371/journal.pbio.1001195}{https://doi.org/10.1371/journal.pbio.1001195}}
}

@misc{mondaca200PyProcess,
  author = {Mondaca, D.},
  title = {{pyprocess}},
  year = {2012--},
  note = {\href{https://github.com/Zincr0/pyprocess}{https://github.com/Zincr0/pyprocess}},
}

@article{mons2011value,
  title={The value of data},
  author={Mons, B. and van Haagen, H. and Chichester, C. and Hoen,P-B. and den Dunnen, J.T. and van Ommen, G. and van Mulligen, E. and Singh, B. and Hooft, R. and Roos, M. and Hammond, J. and Kiesel, B. and Giardine, B. and Velterop, J. and Groth, P. and Schultes, E.},
  journal={Nature Genetics},
  volume={43},
  number={4},
  pages={281--283},
  year={2011},
  note={\href{https://doi.org/10.1038/ng0411-281}{https://doi.org/10.1038/ng0411-281}}
}

@article{moore1993hippocampal,
  title={{Hippocampal plasticity induced by primed burst, but not long-term potentiation, stimulation is impaired in area CA1 of aged fischer 344 rats}},
  author={Moore, C.I. and Browning, M.D. and Rose, G.M.},
  journal={Hippocampus},
  volume={3},
  number={1},
  pages={57--66},
  year={1993},
  note={\href{https://doi.org/10.1002/hipo.450030106}{https://doi.org/10.1002/hipo.450030106}}
}

@article{moore2011mice,
  title={{Of mice and intrinsic excitability: genetic background affects the size of the postburst afterhyperpolarization in CA1 pyramidal neurons}},
  author={Moore, S.J. and Throesch, B.T. and Murphy, G.G.},
  journal={Journal of Neurophysiology},
  volume={106},
  number={3},
  pages={1570--1580},
  year={2011},
  note={\href{https://doi.org/10.1152/jn.00257.2011}{https://doi.org/10.1152/jn.00257.2011}}
}

@article{moosmang2005role,
  title={{Role of hippocampal Ca$_v$1.2 {\Ca} channels in NMDA receptor-independent synaptic plasticity and spatial memory}},
  author={Moosmang, S. and Haider, N. and Klugbauer, N. and Adelsberger, H. and Langwieser, N. and M{\"u}ller, J. and Stiess, M. and Marais, E. and Schulla, V. and Lacinova, L. and Goebbels, S. and Nave, K.A. and Storm, D.R. and Hofmann, F. and Kleppisch, T.},
  journal={Journal of Neuroscience},
  volume={25},
  number={43},
  pages={9883--9892},
  year={2005},
  note={\href{https://doi.org/10.1523/JNEUROSCI.1531-05.2005}{https://doi.org/10.1523/JNEUROSCI.1531-05.2005}}
}

@article{morgan2019kv1,
  title={{Kv1.1 contributes to a rapid homeostatic plasticity of intrinsic excitability in CA1 pyramidal neurons in vivo}},
  author={Morgan, P.J. and Bourboulou, R. and Filippi, C. and Koenig-Gambini, J. and Epsztein, J.},
  journal={eLife},
  volume={8},
  pages={e49915},
  year={2019},
  note={\href{https://doi.org/10.7554/eLife.49915}{https://doi.org/10.7554/eLife.49915}}
}

@article{moyer1992nimodipine,
  title={{Nimodipine increases excitability of rabbit CA1 pyramidal neurons in an age- and concentration-dependent manner}},
  author={Moyer, J.R. and Thompson, L.T. and Black, J.P. and Disterhoft, J.F.},
  journal={Journal of Neurophysiology},
  volume={68},
  number={6},
  pages={2100--2109},
  year={1992},
  note={\href{https://doi.org/10.1152/jn.1992.68.6.2100}{https://doi.org/10.1152/jn.1992.68.6.2100}}
}

@article{moyer1996trace,
  title={{Trace eyeblink conditioning increases CA1 excitability in a transient and learning-specific manner}},
  author={Moyer Jr, J.R. and Thompson, L.T. and Disterhoft, J.F.},
  journal={Journal of Neuroscience},
  volume={16},
  number={17},
  pages={5536--5546},
  year={1996},
  note={\href{https://doi.org/10.1523/JNEUROSCI.16-17-05536.1996}{https://doi.org/10.1523/JNEUROSCI.16-17-05536.1996}}
}

@article{muller2002differential,
  title={Differential oxidative modulation of voltage-dependent {\K} currents in rat hippocampal neurons},
  author={M{\"u}ller, W. and Bittner, K.},
  journal={Journal of Neurophysiology},
  volume={87},
  number={6},
  pages={2990--2995},
  year={2002},
  note={\href{https://doi.org/10.1152/jn.2002.87.6.2990}{https://doi.org/10.1152/jn.2002.87.6.2990}}
}

@article{murakoshi1997phosphorylation,
  title={Phosphorylation of the Kv2.1 {\K} channel alters voltage-dependent activation},
  author={Murakoshi, H. and Shi, G. and Scannevin, R.H. and Trimmer, J.S.},
  journal={Molecular Pharmacology},
  volume={52},
  number={5},
  pages={821--828},
  year={1997},
  note={\href{https://doi.org/10.1124/mol.52.5.821}{https://doi.org/10.1124/mol.52.5.821}}
}

@article{murakoshi1999identification,
  title={{Identification of the Kv2.1 K$^+$ channel as a major component of the delayed rectifier K$^+$ current in rat hippocampal neurons}},
  author={Murakoshi, H. and Trimmer, J.S.},
  journal={Journal of Neuroscience},
  volume={19},
  number={5},
  pages={1728--1735},
  year={1999},
  note={\href{https://doi.org/10.1523/JNEUROSCI.19-05-01728.1999}{https://doi.org/10.1523/JNEUROSCI.19-05-01728.1999}}
}

@article{muzzio2009attention,
  title={Attention enhances the retrieval and stability of visuospatial and olfactory representations in the dorsal hippocampus},
  author={Muzzio, I.A. and Levita, L. and Kulkarni, J. and Monaco, J. and Kentros, C. and Stead, M. and Abbott, L.F. and Kandel, E.R.},
  journal={PLoS Biology},
  volume={7},
  number={6},
  pages={1282},
  year={2009},
  note={\href{https://doi.org/10.1371/journal.pbio.1000140}{https://doi.org/10.1371/journal.pbio.1000140}}
}

@article{newberry1984bicuculline,
  title={A bicuculline-resistant inhibitory post-synaptic potential in rat hippocampal pyramidal cells in vitro.},
  author={Newberry, N.R. and Nicoll, R.A.},
  journal={Journal of Physiology},
  volume={348},
  number={1},
  pages={239--254},
  year={1984},
  publisher={Wiley Online Library}
}

@article{newman2000spatial,
  title={{Spatial memory and aging: Performance on a human analog of the Morris water maze}},
  author={Newman, M.C. and Kaszniak, A.W.},
  journal={Aging, Neuropsychology, and Cognition},
  volume={7},
  number={2},
  pages={86--93},
  year={2000},
  note={\href{https://doi.org/10.1076/1382-5585(200006)7:2;1-U;FT086}{https://doi.org/10.1076/1382-5585(200006)7:2;1-U;FT086}}
}

@article{norris1998reversal,
  title={{Reversal of age-related alterations in synaptic plasticity by blockade of L-type {\Ca} channels}},
  author={Norris, C.M. and Halpain, S. and Foster, T.C.},
  journal={Journal of Neuroscience},
  volume={18},
  number={9},
  pages={3171--3179},
  year={1998},
  note={\href{https://doi.org/10.1523/JNEUROSCI.18-09-03171.1998}{https://doi.org/10.1523/JNEUROSCI.18-09-03171.1998}}
}

@article{nowak2003electrophysiological,
  title={Electrophysiological classes of cat primary visual cortical neurons in vivo as revealed by quantitative analyses},
  author={Nowak, L.G. and Azouz, R. and Sanchez-Vives, M.V. and Gray, C.M. and McCormick, D.A.},
  journal={Journal of Neurophysiology},
  volume={89},
  number={3},
  pages={1541--1566},
  year={2003},
  note={\href{https://doi.org/10.1152/jn.00580.2002}{https://doi.org/10.1152/jn.00580.2002}}
}

@article{nowacki2011unified,
  title={{A unified model of CA1/3 pyramidal cells: An investigation into excitability}},
  author={Nowacki, J. and Osinga, H.M. and Brown, J.T. and Randall, A.D. and Tsaneva-Atanasova, K.},
  journal={Progress in Biophysics and Molecular Biology},
  volume={105},
  number={1},
  pages={34--48},
  year={2011},
  note={\href{https://doi.org/10.1016/j.pbiomolbio.2010.09.020}{https://doi.org/10.1016/j.pbiomolbio.2010.09.020}}
}

@article{numpyHarris2020,
    title={{Array programming with {NumPy}}},
    author={Harris, C.R. and Millman, K.J. and van der Walt, S.J. and Gommers, R. and Virtanen, P. and Cournapeau, D. and Wieser, E. and Taylor, J. and Berg, S. and Smith, N.J. and Kern, R. and Picus, M. and Hoyer, S. and van Kerkwijk, M.H. and Brett, M. and Haldane, A. and Fern{\'{a}}ndez del R{\'{i}}o, J. and Wiebe, M. and Peterson, P. and G{\'{e}}rard-Marchant, P. and Sheppard, K. and Reddy, T. and Weckesser, W. and Abbasi, H. and Gohlke, C. and Oliphant, T.E.},
    journal={Nature},
    volume={585},
    number={7825},
    pages={357--362},
    year={2020},
    note={\href{https://doi.org/10.1038/s41586-020-2649-2}{https://doi.org/10.1038/s41586-020-2649-2}}
}

@article{nunez2014surface,
  title={{Surface L-type {\Ca} channel expression levels are increased in aged hippocampus}},
  author={N{\'u}{\~n}ez-Santana, F.L. and Oh, M.M. and Antion, M.D. and Lee, A. and Hell, J.W. and Disterhoft, J.F.},
  journal={Aging Cell},
  volume={13},
  number={1},
  pages={111--120},
  year={2014},
  note={\href{https://doi.org/10.1111/acel.12157}{https://doi.org/10.1111/acel.12157}}
}

@article{oh1999metrifonate,
  title={{Metrifonate increases neuronal excitability in CA1 pyramidal neurons from both young and aging rabbit hippocampus}},
  author={Oh, M.M. and Power, J.M. and Thompson, L.T. and Moriearty, P.L. and Disterhoft, J.F.},
  journal={Journal of Neuroscience},
  volume={19},
  number={5},
  pages={1814--1823},
  year={1999},
  note={\href{https://doi.org/10.1523/JNEUROSCI.19-05-01814.1999}{https://doi.org/10.1523/JNEUROSCI.19-05-01814.1999}}
}

@article{oh2010learning,
  title={Learning and aging related changes in intrinsic neuronal excitability},
  author={Oh, M.M. and Oliveira, F.A. and Disterhoft, J.F.},
  journal={Frontiers in Aging Neuroscience},
  volume={2},
  pages={2},
  year={2010},
  note={\href{https://doi.org/10.3389/neuro.24.002.2010}{https://doi.org/10.3389/neuro.24.002.2010}}
}

@article{oh2013altered,
  title={{Altered calcium metabolism in aging CA1 hippocampal pyramidal neurons}},
  author={Oh, M.M. and Oliveira, F.A. and Waters, J. and Disterhoft, J.F.},
  journal={Journal of Neuroscience},
  volume={33},
  number={18},
  pages={7905--7911},
  year={2013},
  note={\href{https://doi.org/10.1523/JNEUROSCI.5457-12.2013}{https://doi.org/10.1523/JNEUROSCI.5457-12.2013}}
}

@article{okeefe1971hippocampus,
  title={The hippocampus as a spatial map. Preliminary evidence from unit activity in the freely-moving rat},
  author={O'Keefe, J. and Dostrovsky, J.},
  journal={Brain Research},
  volume={34},
  number={1},
  pages={171--175},
  year={1971},
  note={\href{https://doi.org/10.1016/0006-8993(71)90358-1}{https://doi.org/10.1016/0006-8993(71)90358-1}}
}

@article{okeefe1993phase,
  title={{Phase relationship between hippocampal place units and the EEG theta rhythm}},
  author={O'Keefe, J. and Recce, M.L.},
  journal={Hippocampus},
  volume={3},
  number={3},
  pages={317--330},
  year={1993},
  note={\href{https://doi.org/10.1002/hipo.450030307}{https://doi.org/10.1002/hipo.450030307}}
}

@article{okeefe1978hippocampal,
  title={Hippocampal place units in the freely moving rat: why they fire where they fire},
  author={O'Keefe, J. and Conway, D.H.},
  journal={Experimental Brain Research},
  volume={31},
  number={4},
  pages={573--590},
  year={1978},
  note={\href{https://doi.org/10.1007/BF00239813}{https://doi.org/10.1007/BF00239813}}
}

@article{ostapoff1994physiological,
  title={{A physiological and structural study of neuron types in the cochlear nucleus. II. Neuron types and their structural correlation with response properties}},
  author={Ostapoff, E.M. and Feng, J.J. and Morest, D.K.},
  journal={Journal of Comparative Neurology},
  volume={346},
  number={1},
  pages={19--42},
  year={1994},
  note={\href{https://doi.org/10.1002/cne.903460103}{https://doi.org/10.1002/cne.903460103}}
}

@article{otmakhova2004contribution,
  title={{Contribution of I$_{h}$ and GABA$_{B}$ to synaptically induced afterhyperpolarizations in CA1: A brake on the NMDA response}},
  author={Otmakhova, N.A. and Lisman, J.E.},
  journal={Journal of Neurophysiology},
  volume={92},
  number={4},
  pages={2027--2039},
  year={2004},
  note={\href{https://doi.org/10.1152/jn.00427.2004}{https://doi.org/10.1152/jn.00427.2004}}
}

@article{ouanounou1999differential,
  title={Differential modulation of synaptic transmission by calcium chelators in young and aged hippocampal CA1 neurons: evidence for altered calcium homeostasis in aging},
  author={Ouanounou, A. and Zhang, L. and Charlton, M.P. and Carlen, P.L.},
  journal={Journal of Neuroscience},
  volume={19},
  number={3},
  pages={906--915},
  year={1999},
  note={\href{https://doi.org/10.1523/JNEUROSCI.19-03-00906.1999}{https://doi.org/10.1523/JNEUROSCI.19-03-00906.1999}}
}

@article{papatheodoropoulos2000dorsal,
  title={{Dorsal-ventral differentiation of short-term synaptic plasticity in rat CA1 hippocampal region}},
  author={Papatheodoropoulos, C. and Kostopoulos, G.},
  journal={Neuroscience Letters},
  volume={286},
  number={1},
  pages={57--60},
  year={2000},
  note={\href{https://doi.org/10.1016/S0304-3940(00)01084-3}{https://doi.org/10.1016/S0304-3940(00)01084-3}}
}

@article{papatheodoropoulos2000decreased,
  title={{Decreased ability of rat temporal hippocampal CA1 region to produce long-term potentiation}},
  author={Papatheodoropoulos, C. and Kostopoulos, G.},
  journal={Neuroscience Letters},
  volume={279},
  number={3},
  pages={177--180},
  year={2000},
  note={\href{https://doi.org/10.1016/S0304-3940(99)01002-2}{https://doi.org/10.1016/S0304-3940(99)01002-2}}
}

@article{pedarzani2001control,
  title={{Control of electrical activity in central neurons by modulating the gating of small conductance Ca$^{2+}$-activated K$^{+}$ channels}},
  author={Pedarzani, P. and Mosbacher, J. and Rivard, A. and Cingolani, L.A. and Oliver, D. and Stocker, M. and Adelman, J.P. and Fakler, B.},
  journal={Journal of Biological Chemistry},
  volume={276},
  number={13},
  pages={9762--9769},
  year={2001},
  note={\href{https://doi.org/10.1074/jbc.M010001200}{https://doi.org/10.1074/jbc.M010001200}}
}

@article{padmanabhan2010intrinsic,
  title={Intrinsic biophysical diversity decorrelates neuronal firing while increasing information content},
  author={Padmanabhan, K. and Urban, N.N.},
  journal={Nature Neuroscience},
  volume={13},
  number={10},
  pages={1276--1282},
  year={2010},
  note={\href{https://doi.org/10.1038/nn.2630}{https://doi.org/10.1038/nn.2630}}
}

@article{pedarzani2005specific,
  title={{Specific enhancement of SK channel activity selectively potentiates the afterhyperpolarizing current I$_{AHP}$ and modulates the firing properties of hippocampal pyramidal neurons}},
  author={Pedarzani, P. and McCutcheon, J.E. and Rogge, G. and Jensen, B.S. and Christophersen, P. and Hougaard, C. and Str{\o}b{\ae}k, D. and Stocker, M.},
  journal={Journal of Biological Chemistry},
  volume={280},
  number={50},
  pages={41404--41411},
  year={2005},
  note={\href{https://doi.org/10.1074/jbc.M509610200}{https://doi.org/10.1074/jbc.M509610200}}
}

@article{penttonen1998gamma,
  title={Gamma frequency oscillation in the hippocampus of the rat: intracellular analysis in vivo},
  author={Penttonen, M. and Kamondi, A. and Acs{\'a}dy, L. and Buzs{\'a}ki, G.},
  journal={European Journal of Neuroscience},
  volume={10},
  number={2},
  pages={718--728},
  year={1998},
  note={\href{https://doi.org/10.1046/j.1460-9568.1998.00096.x}{https://doi.org/10.1046/j.1460-9568.1998.00096.x}}
}

@article{podlogar2006firing,
  title={{Firing pattern of rat hippocampal neurons: a perforated patch clamp study}},
  author={Podlogar, M. and Dietrich, D.},
  journal={Brain Research},
  volume={1085},
  number={1},
  pages={95--101},
  year={2006},
  note={\herf{https://doi.org/10.1016/j.brainres.2006.02.050}{https://doi.org/10.1016/j.brainres.2006.02.050}}
}

@article{poirazi2003arithmetic,
  title={{Arithmetic of subthreshold synaptic summation in a model CA1 pyramidal cell}},
  author={Poirazi, P. and Brannon, T. and Mel, B.W.},
  journal={Neuron},
  volume={37},
  number={6},
  pages={977--987},
  year={2003},
  note={\href{https://doi.org/10.1016/S0896-6273(03)00148-X}{https://doi.org/10.1016/S0896-6273(03)00148-X}}
}

@article{potier1993age,
  title={Age-related alterations in the properties of hippocampal pyramidal neurons among rat strains},
  author={Potier, B. and Lamour, Y. and Dutar, P.},
  journal={Neurobiology of Aging},
  volume={14},
  number={1},
  pages={17--25},
  year={1993},
  note={\href{https://doi.org/10.1016/0197-4580(93)90016-5}{https://doi.org/10.1016/0197-4580(93)90016-5}}
}

@article{power2002age,
  title={{Age-related enhancement of the slow outward calcium-activated potassium current in hippocampal CA1 pyramidal neurons in vitro}},
  author={Power, J.M. and Wu, W.W. and Sametsky, E. and Oh, M.M. and Disterhoft, J.F.},
  journal={Journal of Neuroscience},
  volume={22},
  number={16},
  pages={7234--7243},
  year={2002},
  note={\href{https://doi.org/10.1523/JNEUROSCI.22-16-07234.2002}{https://doi.org/10.1523/JNEUROSCI.22-16-07234.2002}}
}

@article{preston2013interplay,
  title={Interplay of hippocampus and prefrontal cortex in memory},
  author={Preston, A.R. and Eichenbaum, H.},
  journal={Current Biology},
  volume={23},
  number={17},
  pages={R764--R773},
  year={2013},
  note={\href{https://doi.org/10.1016/j.cub.2013.05.041}{https://doi.org/10.1016/j.cub.2013.05.041}}
}

@article{prinz2004similar,
  title={Similar network activity from disparate circuit parameters},
  author={Prinz, A.A. and Bucher, D. and Marder, E.},
  journal={Nature Neuroscience},
  volume={7},
  number={12},
  pages={1345--1352},
  year={2004},
  note={\href{https://doi.org/10.1038/nn1352}{https://doi.org/10.1038/nn1352}}
}

@article{rebholz2012text,
  title={Text-mining solutions for biomedical research: enabling integrative biology},
  author={Rebholz-Schuhmann, D. and Oellrich, A. and Hoehndorf, R.},
  journal={Nature Reviews Genetics},
  volume={13},
  number={12},
  pages={829--839},
  year={2012},
  note={\href{https://doi.org/10.1038/nrg3337}{https://doi.org/10.1038/nrg3337}}
}

@article{reichman2012copyright,
  title={When copyright law and science collide: empowering digitally integrated research methods on a global scale},
  author={Reichman, J.H. and Okediji, R.L.},
  journal={Minnesota Law Review},
  volume={96},
  number={4},
  pages={1362},
  year={2012},
  note={\href{}{}}
}

@article{rex2005long,
  title={Long-term potentiation is impaired in middle-aged rats: regional specificity and reversal by adenosine receptor antagonists},
  author={Rex, C.S. and Kram{\'a}r, E.A. and Colgin, L.L. and Lin, B. and Gall, C.M. and Lynch, G.},
  journal={Journal of Neuroscience},
  volume={25},
  number={25},
  pages={5956--5966},
  year={2005},
  note={\href{https://doi.org/10.1523/JNEUROSCI.0880-05.2005}{https://doi.org/10.1523/JNEUROSCI.0880-05.2005}}
}

@article{richards2007differential,
  title={{Differential expression of {\Na}/{\K}-ATPase $\alpha$-subunits in mouse hippocampal interneurones and pyramidal cells}},
  author={Richards, K.S. and Bommert, K. and Szabo, G. and Miles, R.},
  journal={The Journal of Physiology},
  volume={585},
  number={2},
  pages={491--505},
  year={2007},
  note={\href{https://doi.org/10.1113/jphysiol.2007.144733}{https://doi.org/10.1113/jphysiol.2007.144733}}
}

@article{rinzel1985excitation,
  title={Excitation dynamics: insights from simplified membrane models},
  author={Rinzel, J.},
  journal={{Federation Proceedings}},
  volume={44},
  number={15},
  pages={2944--2946},
  year={1985},
  note={PMID: 2415401}
}

@inproceedings{rinzel1989analysis,
  title={Analysis of neural excitability and oscillations},
  author={Rinzel, J. and Ermentrout, G.B.},
  booktitle={{Methods in Neuronal Modeling}},
  pages={135--169},
  year={1989},
  organization={MIT Press}
}

@article{rizzo2015dissecting,
  title={Dissecting mechanisms of brain aging by studying the intrinsic excitability of neurons},
  author={Rizzo, V. and Richman, J. and Puthanveettil, S.V.},
  journal={Frontiers in Aging Neuroscience},
  volume={6},
  pages={337},
  year={2015},
  note={\href{https://doi.org/10.3389/fnagi.2014.00337}{https://doi.org/10.3389/fnagi.2014.00337}}
}

@article{rodriguez2015parkinson,
  title={Parkinson's disease as a result of aging},
  author={Rodriguez, M. and Rodriguez-Sabate, C. and Morales, I. and Sanchez, A. and Sabate, M.},
  journal={Aging Cell},
  volume={14},
  number={3},
  pages={293--308},
  year={2015},
  note={\href{https://doi.org/10.1111/acel.12312}{https://doi.org/10.1111/acel.12312}}
}

@article{roeper2013dissecting,
  title={Dissecting the diversity of midbrain dopamine neurons},
  author={Roeper, J.},
  journal={Trends in Neurosciences},
  volume={36},
  number={6},
  pages={336--342},
  year={2013},
  note={\href{https://doi.org/10.1016/j.tins.2013.03.003}{https://doi.org/10.1016/j.tins.2013.03.003}}
}

@article{routh2009anatomical,
  title={{Anatomical and electrophysiological comparison of CA1 pyramidal neurons of the rat and mouse}},
  author={Routh, B.N. and Johnston, D. and Harris, K. and Chitwood, R.A.},
  journal={Journal of Neurophysiology},
  volume={102},
  number={4},
  pages={2288--2302},
  year={2009},
  note={\href{https://doi.org/10.1152/jn.00082.2009}{https://doi.org/10.1152/jn.00082.2009}}
}

@article{sah1988sodium,
  title={{The sodium current underlying action potentials in guinea pig hippocampal CA1 neurons}},
  author={Sah, P. and Gibb, A.J. and Gage, P.W.},
  journal={Journal of General Physiology},
  volume={91},
  number={3},
  pages={373--398},
  year={1988},
  note={\href{https://doi.org/10.1085/jgp.91.3.373}{https://doi.org/10.1085/jgp.91.3.373}}
}

@article{scuvee2004electrophysiological,
  title={{Electrophysiological characterization of the SK channel blockers methyl-laudanosine and methyl-noscapine in cell lines and rat brain slices}},
  author={Scuv{\'e}e-Moreau, J. and Boland, A. and Graulich, A. and Van Overmeire, L.  and D'hoedt, D. and Graulich-Lorge, F. and Thomas, E. and Abras, A. and Stocker, M. and Li{\'e}geois, J-F. and Seutin, V.},
  journal={British Journal of Pharmacology},
  volume={143},
  number={6},
  pages={753--764},
  year={2004},
  note={\href{https://doi.org/10.1038/sj.bjp.0705979}{https://doi.org/10.1038/sj.bjp.0705979}}
}

@article{rosenzweig1997role,
  title={Role of temporal summation in age-related long-term potentiation--induction deficits},
  author={Rosenzweig, E.S. and Rao, G. and McNaughton, B.L. and Barnes, C.A.},
  journal={Hippocampus},
  volume={7},
  number={5},
  pages={549--558},
  year={1997},
  note={\href{https://doi.org/10.1002/(SICI)1098-1063(1997)7:5<549::AID-HIPO10>3.0.CO;2-0}{https://doi.org/10.1002/(SICI)1098-1063(1997)7:5<549::AID-HIPO10>3.0.CO;2-0}}
}

@article{rosenzweig2003impact,
  title={Impact of aging on hippocampal function: plasticity, network dynamics, and cognition},
  author={Rosenzweig, E.S. and Barnes, C.A.},
  journal={Progress in Neurobiology},
  volume={69},
  number={3},
  pages={143--179},
  year={2003},
  note={\href{https://doi.org/10.1016/S0301-0082(02)00126-0}{https://doi.org/10.1016/S0301-0082(02)00126-0}}
}

@article{rudolph2003characterization,
  title={Characterization of subthreshold voltage fluctuations in neuronal membranes},
  author={Rudolph, M. and Destexhe, A.},
  journal={Neural Computation},
  volume={15},
  number={11},
  pages={2577--2618},
  year={2003},
  note={\href{https://doi.org/10.1162/089976603322385081}{https://doi.org/10.1162/089976603322385081}}
}

@article{rudolph2004method,
  title={A method to estimate synaptic conductances from membrane potential fluctuations},
  author={Rudolph, M. and Piwkowska, Z. and Badoual, M. and Bal, T. and Destexhe, A.},
  journal={Journal of Neurophysiology},
  volume={91},
  number={6},
  pages={2884--2896},
  year={2004},
  note={\href{https://doi.org/10.1152/jn.01223.2003}{https://doi.org/10.1152/jn.01223.2003}}
}

@article{sah2002channels,
  title={Channels underlying neuronal calcium-activated potassium currents},
  author={Sah, P. and Faber, E.S.L.},
  journal={Progress in Neurobiology},
  volume={66},
  number={5},
  pages={345--353},
  year={2002},
  note={\href{https://doi.org/10.1016/S0301-0082(02)00004-7}{https://doi.org/10.1016/S0301-0082(02)00004-7}}
}

@article{sandin1990aging,
  title={{Aging and cognition: Facilitation of recent memory in aged nonhuman primates by nimodipine}},
  author={Sandin, M. and Jasmin, S. and Levere, T.E.},
  journal={Neurobiology of Aging},
  volume={11},
  number={5},
  pages={573--575},
  year={1990},
  note={\href{https://doi.org/10.1016/0197-4580(90)90120-O}{https://doi.org/10.1016/0197-4580(90)90120-O}}
}

@article{scheffer2012theta,
  title={{Theta phase modulates multiple layer-specific oscillations in the CA1 region}},
  author={Scheffer-Teixeira, R. and Belchior, H. and Caixeta, F.V. and Souza, B.C. and Ribeiro, S. and Tort, A.B.L.},
  journal={Cerebral Cortex},
  volume={22},
  number={10},
  pages={2404--2414},
  year={2012},
  note={\href{https://doi.org/10.1093/cercor/bhr319}{https://doi.org/10.1093/cercor/bhr319}}
}

@article{scipy2020,
    author = {Virtanen, P. and Gommers, R. and Oliphant,
    T.E. and Haberland, M. and Reddy, T. and
    Cournapeau, D. and Burovski, E. and Peterson, P.
    and Weckesser, W. and Bright, J. and van der Walt,
    S.J.  and Brett, M. and Wilson, J. and
    Jarrod Millman, K. and Mayorov, N. and Nelson, A.R.J. and Jones, E. and Kern, R. and Larson, E. and
    Carey, C.J. and Polat, {\.I}. and Feng, Y. and Moore,
    E.W. and VanderPlas, J. and Laxalde, D. and
    Perktold, J. and Cimrman, R. and Henriksen, I. and
    Quintero, E.A. and Harris, C.R. and Archibald, A.M.
    and Ribeiro, A.H. and Pedregosa, F. and
    van Mulbregt, P. and {Contributors}, SciPy 1. 0},
    title = "{SciPy 1.0: Fundamental algorithms for scientific computing in Python}",
    journal = {Nature Methods},
    year = "2020",
    volume={17},
    pages={261--272},
    note = {\href{https://doi.org/10.1038/s41592-019-0686-2}{https://doi.org/10.1038/s41592-019-0686-2}},
}

@article{schomburg2014theta,
  title={Theta phase segregation of input-specific gamma patterns in entorhinal-hippocampal networks},
  author={Schomburg, E.W. and Fern{\'a}ndez-Ruiz, A. and Mizuseki, K. and Ber{\'e}nyi, A. and Anastassiou, C.A. and Koch, C. and Buzs{\'a}ki, G.},
  journal={Neuron},
  volume={84},
  number={2},
  pages={470--485},
  year={2014},
  note={\href{https://doi.org/10.1016/j.neuron.2014.08.051}{https://doi.org/10.1016/j.neuron.2014.08.051}}
}

@article{schubert2006morphology,
  title={{Morphology, electrophysiology and functional input connectivity of pyramidal neurons characterizes a genuine layer Va in the primary somatosensory cortex}},
  author={Schubert, D. and K{\"o}tter, R. and Luhmann, H.J. and Staiger, J.F.},
  journal={Cerebral Cortex},
  volume={16},
  number={2},
  pages={223--236},
  year={2006},
  note={\href{https://doi.org/10.1093/cercor/bhi100}{https://doi.org/10.1093/cercor/bhi100}}
}

@article{scriabine1989pharmacological,
  title={Pharmacological basis for the use of nimodipine in central nervous system disorders},
  author={Scriabine, A. and Schuurman, T. and Traber, J.},
  journal={The FASEB Journal},
  volume={3},
  number={7},
  pages={1799--1806},
  year={1989},
  note={\href{https://doi.org/10.1096/fasebj.3.7.2565839}{https://doi.org/10.1096/fasebj.3.7.2565839}}
}

@article{senior2008gamma,
  title={{Gamma oscillatory firing reveals distinct populations of pyramidal cells in the CA1 region of the hippocampus}},
  author={Senior, T.J. and Huxter, J.R. and Allen, K. and O'Neill, J. and Csicsvari, J.},
  journal={Journal of Neuroscience},
  volume={28},
  number={9},
  pages={2274--2286},
  year={2008},
  note={\href{https://doi.org/10.1523/JNEUROSCI.4669-07.2008}{https://doi.org/10.1523/JNEUROSCI.4669-07.2008}}
}

@article{shah2000ca2+,
  title={{Ca$^{2+}$ channels involved in the generation of the slow afterhyperpolarization in cultured rat hippocampal pyramidal neurons}},
  author={Shah, M. and Haylett, D.G.},
  journal={Journal of Neurophysiology},
  volume={83},
  number={5},
  pages={2554--2561},
  year={2000},
  note={\href{https://doi.org/10.1152/jn.2000.83.5.2554}{https://doi.org/10.1152/jn.2000.83.5.2554}}
}

@article{shah2008functional,
  title={Functional significance of axonal Kv7 channels in hippocampal pyramidal neurons},
  author={Shah, M.M. and Migliore, M. and Valencia, I. and Cooper, E.C. and Brown, D.A.},
  journal={Proceedings of the National Academy of Sciences},
  volume={105},
  number={22},
  pages={7869--7874},
  year={2008},
  note={\href{https://doi.org/10.1073/pnas.0802805105}{https://doi.org/10.1073/pnas.0802805105}}
}

@article{shankar1998aging,
  title={{Aging differentially alters forms of long-term potentiation in rat hippocampal area CA1}},
  author={Shankar, S. and Teyler, T.J. and Robbins, N.},
  journal={Journal of Neurophysiology},
  volume={79},
  number={1},
  pages={334--341},
  year={1998},
  note={\href{https://doi.org/10.1152/jn.1998.79.1.334}{https://doi.org/10.1152/jn.1998.79.1.334}}
}

@article{shao1999role,
  title={{The role of BK-type Ca$^{2+}$-dependent K$^{+}$ channels in spike broadening during repetitive firing in rat hippocampal pyramidal cells}},
  author={Shao, L-R. and Halvorsrud, R. and Borg-Graham, L. and Storm, J.F.},
  journal={Journal of Physiology},
  volume={521},
  number={1},
  pages={135--146},
  year={1999},
  note={\href{https://doi.org/10.1111/j.1469-7793.1999.00135.x}{https://doi.org/10.1111/j.1469-7793.1999.00135.x}}
}

@article{sharpee2014toward,
  title={Toward functional classification of neuronal types},
  author={Sharpee, T.O.},
  journal={Neuron},
  volume={83},
  number={6},
  pages={1329--1334},
  year={2014},
  note={\href{https://doi.org/10.1016/j.neuron.2014.08.040}{https://doi.org/10.1016/j.neuron.2014.08.040}}
}

@article{shen1997effect,
  title={The effect of aging on experience-dependent plasticity of hippocampal place cells},
  author={Shen, J. and Barnes, C.A. and McNaughton, B.L. and Skaggs, W.E. and Weaver, K.L.},
  journal={Journal of Neuroscience},
  volume={17},
  number={17},
  pages={6769--6782},
  year={1997},
  note={\href{https://doi.org/10.1523/JNEUROSCI.17-17-06769.1997}{https://doi.org/10.1523/JNEUROSCI.17-17-06769.1997}}
}

@article{shinohara2008left,
  title={Left-right asymmetry of the hippocampal synapses with differential subunit allocation of glutamate receptors},
  author={Shinohara, Y. and Hirase, H. and Watanabe, M. and Itakura, M. and Takahashi, M. and Shigemoto, R.},
  journal={Proceedings of the National Academy of Sciences},
  volume={105},
  number={49},
  pages={19498--19503},
  year={2008},
  note={\href{https://doi.org/10.1073/pnas.0807461105}{https://doi.org/10.1073/pnas.0807461105}}
}

@article{shinohara2009size,
  title={{Size and receptor density of glutamatergic synapses: a viewpoint from left--right asymmetry of CA3--CA1 connections}},
  author={Shinohara, Y. and Hirase, H.},
  journal={Frontiers in Neuroanatomy},
  volume={3},
  pages={1--6},
  year={2009},
  note={\href{https://doi.org/10.3389/neuro.05.010.2009}{https://doi.org/10.3389/neuro.05.010.2009}}
}

@article{shipton2014glun2a,
  title={{GluN2A and GluN2B subunit-containing NMDA receptors in hippocampal plasticity}},
  author={Shipton, O.A. and Paulsen, O.},
  journal={Philosophical Transactions of the Royal Society of London B: Biological Sciences},
  volume={369},
  number={1633},
  pages={20130163},
  year={2014},
  note={\href{https://doi.org/10.1098/rstb.2013.0163}{https://doi.org/10.1098/rstb.2013.0163}}
}

@article{sinnegger2004isoform,
  title={{Isoform-specific regulation of mood behavior and pancreatic $\beta$ cell and cardiovascular function by L-type {\Ca} channels}},
  author={Sinnegger-Brauns, M.J. and Hetzenauer, A. and Huber, I.G. and Renstr{\"o}m, E. and Wietzorrek, G. and Berjukov, S. and Cavalli, M. and Walter, D. and Koschak, A. and Waldsch{\"u}tz, R. and Herin, S. and Bova, S. and Rorsman, P. and Pongs, O. and Singewald, N. and Striessnig, J.},
  journal={The Journal of Clinical Investigation},
  volume={113},
  number={10},
  pages={1430--1439},
  year={2004},
  note={\href{https://doi.org/10.1172/JCI20208}{https://doi.org/10.1172/JCI20208}}
}

@article{skaggs1996theta,
  title={Theta phase precession in hippocampal neuronal populations and the compression of temporal sequences},
  author={Skaggs, W.E. and McNaughton, B.L. and Wilson, M. and Barnes, C.},
  journal={Hippocampus},
  volume={6},
  pages={149--172},
  year={1996},
  note={\href{https://doi.org/10.1002/(SICI)1098-1063(1996)6:2<149::AID-HIPO6>3.0.CO;2-K}{https://doi.org/10.1002/(SICI)1098-1063(1996)6:2<149::AID-HIPO6>3.0.CO;2-K}}
}

@article{smith2000effect,
  title={Effect of age on burst firing characteristics of rat hippocampal pyramidal cells},
  author={Smith, A.C. and Gerrard, J.L. and Barnes, C.A. and McNaughton, B.L.},
  journal={NeuroReport},
  volume={11},
  number={17},
  pages={3865--3871},
  year={2000},
  note={\href{https://doi.org/10.1097/00001756-200011270-00052}{https://doi.org/10.1097/00001756-200011270-00052}}
}

@article{sobczyk2005nmda,
  title={{NMDA receptor subunit-dependent [Ca$^{2+}$] signaling in individual hippocampal dendritic spines}},
  author={Sobczyk, A. and Scheuss, V. and Svoboda, K.},
  journal={Journal of Neuroscience},
  volume={25},
  number={26},
  pages={6037--6046},
  year={2005},
  note={\href{https://doi.org/10.1523/JNEUROSCI.1221-05.2005}{https://doi.org/10.1523/JNEUROSCI.1221-05.2005}}
}

@article{song2012trace,
  title={Trace fear conditioning enhances synaptic and intrinsic plasticity in rat hippocampus},
  author={Song, C. and Detert, J.A. and Sehgal, M. and Moyer, J.R.},
  journal={Journal of Neurophysiology},
  volume={107},
  number={12},
  pages={3397--3408},
  year={2012},
  note={\href{https://doi.org/10.1152/jn.00692.2011}{https://doi.org/10.1152/jn.00692.2011}}
}

@article{springer2015modulation,
  title={{Modulation of BK channels contributes to activity-dependent increase of excitability through MTORC1 activity in CA1 pyramidal cells of mouse hippocampus}},
  author={Springer, S.J. and Burkett, B.J. and Schrader, L.A.},
  journal={Frontiers in Cellular Neuroscience},
  volume={8},
  year={2015},
  pages={451},
  note={\href{https://doi.org/10.3389/fncel.2014.00451}{https://doi.org/10.3389/fncel.2014.00451}}
}

@article{spruston1992perforated,
  title={{Perforated patch-clamp analysis of the passive membrane properties of three classes of hippocampal neurons}},
  author={Spruston, N. and Johnston, D.},
  journal={Journal of Neurophysiology},
  volume={67},
  number={3},
  pages={508--529},
  year={1992},
  note={\href{https://doi.org/10.1152/jn.1992.67.3.508}{https://doi.org/10.1152/jn.1992.67.3.508}}
}

@article{spruston2008pyramidal,
  title={Pyramidal neurons: dendritic structure and synaptic integration},
  author={Spruston, N.},
  journal={Nature Reviews Neuroscience},
  volume={9},
  number={3},
  pages={206--221},
  year={2008},
  note={\href{https://doi.org/10.1038/nrn2286}{https://doi.org/10.1038/nrn2286}}
}

@article{stackman2002small,
  title={{Small conductance {\Ca}-activated {\K} channels modulate synaptic plasticity and memory encoding}},
  author={Stackman, R.W. and Hammond, R.S. and Linardatos, E. and Gerlach, A. and Maylie, J. and Adelman, J.P. and Tzounopoulos, T.},
  journal={Journal of Neuroscience},
  volume={22},
  number={23},
  pages={10163--10171},
  year={2002},
  note={\href{https://doi.org/10.1523/JNEUROSCI.22-23-10163.2002}{https://doi.org/10.1523/JNEUROSCI.22-23-10163.2002}}
}

@article{staff2000resting,
  title={{Resting and active properties of pyramidal neurons in subiculum and CA1 of rat hippocampus}},
  author={Staff, N.P. and Jung, H-Y. and Thiagarajan, T. and Yao, M. and Spruston, N.},
  journal={Journal of Neurophysiology},
  volume={84},
  number={5},
  pages={2398--2408},
  year={2000},
  note={\href{https://doi.org/10.1152/jn.2000.84.5.2398}{https://doi.org/10.1152/jn.2000.84.5.2398}}
}

@article{steriade1998dynamic,
  title={{Dynamic properties of corticothalamic neurons and local cortical interneurons generating fast rhythmic (30--40 Hz) spike bursts}},
  author={Steriade, M. and Timofeev, I. and D{\"u}rm{\"u}ller, N. and Grenier, F.},
  journal={Journal of Neurophysiology},
  volume={79},
  number={1},
  pages={483--490},
  year={1998},
  note={\href{https://doi.org/10.1152/jn.1998.79.1.483}{https://doi.org/10.1152/jn.1998.79.1.483}}
}

@article{stocker1999apamin,
  title={{An apamin-sensitive Ca$^{2+}$-activated K$^{+}$ current in hippocampal pyramidal neurons}},
  author={Stocker, M. and Krause, M. and Pedarzani, P.},
  journal={Proceedings of the National Academy of Sciences},
  volume={96},
  number={8},
  pages={4662--4667},
  year={1999},
  note={\href{https://doi.org/10.1073/pnas.96.8.4662}{https://doi.org/10.1073/pnas.96.8.4662}}
}
@article{stocker20042+,
  title={{{\Ca}-activated {\K} channels: Molecular determinants and function of the SK family}},
  author={Stocker, M.},
  journal={Nature Reviews Neuroscience},
  volume={5},
  pages={758--770},
  year={2004},
  note={\href{https://doi.org/10.1038/nrn1516}{https://doi.org/10.1038/nrn1516}}
}

@article{storm1987action,
  title={{Action potential repolarization and a fast after-hyperpolarization in rat hippocampal pyramidal cells}},
  author={Storm, J.F.},
  journal={Journal of Physiology},
  volume={385},
  number={1},
  pages={733--759},
  year={1987},
  note={\href{https://doi.org/10.1113/jphysiol.1987.sp016517}{https://doi.org/10.1113/jphysiol.1987.sp016517}}
}

@article{storm1988temporal,
  title={{Temporal integration by a slowly inactivating K$^{+}$ current in hippocampal neurons}},
  author={Storm, J.F.},
  journal={Nature},
  volume={336},
  number={6197},
  pages={379--381},
  year={1988},
  note={\href{https://doi.org/10.1038/336379a0}{https://doi.org/10.1038/336379a0}}
}

@article{storm1989after,
  title={{An after-hyperpolarization of medium duration in rat hippocampal pyramidal cells}},
  author={Storm, J.F.},
  journal={Journal of Physiology},
  volume={409},
  number={1},
  pages={171--190},
  year={1989},
  note={\href{https://doi.org/10.1113/jphysiol.1989.sp017491}{https://doi.org/10.1113/jphysiol.1989.sp017491}}               }   

@article{storm1990potassium,
  title={{Potassium currents in hippocampal pyramidal cells}},
  author={Storm, J.F.},
  journal={Progress in Brain Research},
  volume={83},
  pages={161--187},
  year={1990},
  note={\href{https://doi.org/10.1016/S0079-6123(08)61248-0}{https://doi.org/10.1016/S0079-6123(08)61248-0}}
}

@article{su2001extracellular,
  title={{Extracellular calcium modulates persistent sodium current-dependent burst-firing in hippocampal pyramidal neurons}},
  author={Su, H. and Alroy, G. and Kirson, E.D. and Yaari, Y.},
  journal={Journal of Neuroscience},
  volume={21},
  number={12},
  pages={4173--4182},
  year={2001},
  note={\href{https://doi.org/10.1523/JNEUROSCI.21-12-04173.2001}{https://doi.org/10.1523/JNEUROSCI.21-12-04173.2001}}
}

@article{szilagyi2011morphological,
  title={Morphological identification of neuron types in the rat hippocampus},
  author={Szilagyi, T. and Orban-Kis, K. and Horv{\'a}th, E. and Metz, J. and Pap, Z. and Pavai, Z.},
  journal={Romanian Journal of Morphology and Embryology},
  volume={52},
  number={1},
  pages={15--20},
  year={2011},
  note={\href{}{}}
}

@article{tabansky2015implications,
  title={Implications of epigenetic variability within a cell population for ``cell type" classification},
  author={Tabansky, I. and Stern, J.N.H. and Pfaff, D.W.},
  journal={Frontiers in Behavioral Neuroscience},
  volume={9},
  pages={342},
  year={2015},
  note={\href{https://doi.org/10.3389/fnbeh.2015.00342}{https://doi.org/10.3389/fnbeh.2015.00342}}
}

@article{tanabe1998type,
  title={{L-Type {\Ca} channels mediate the slow {\Ca}-dependent afterhyperpolarization current in rat CA3 pyramidal cells in vitro}},
  author={Tanabe, M. and G{\"a}hwiler, B.H. and Gerber, U.},
  journal={Journal of Neurophysiology},
  volume={80},
  number={5},
  pages={2268--2273},
  year={1998},
  note={\href{https://doi.org/10.1152/jn.1998.80.5.2268}{https://doi.org/10.1152/jn.1998.80.5.2268}}
}

@article{thibault1996increase,
  title={{Increase in single L-type calcium channels in hippocampal neurons during aging}},
  author={Thibault, O. and Landfield, P.W.},
  journal={Science},
  volume={272},
  number={5264},
  pages={1017--1020},
  year={1996},
  note={\href{https://doi.org/10.1126/science.272.5264.1017}{https://doi.org/10.1126/science.272.5264.1017}}
}

@article{thibault2007expansion,
  title={{Expansion of the calcium hypothesis of brain aging and Alzheimer's disease: minding the store}},
  author={Thibault, O. and Gant, J.C. and Landfield, P.W.},
  journal={Aging Cell},
  volume={6},
  number={3},
  pages={307--317},
  year={2007},
  note={\href{https://doi.org/10.1111/j.1474-9726.2007.00295.x}{https://doi.org/10.1111/j.1474-9726.2007.00295.x}}
}

@article{thibault2001elevated,
  title={{Elevated postsynaptic [Ca$^{2+}$]$_i$ and L-type calcium channel activity in aged hippocampal neurons: Relationship to impaired synaptic plasticity}},
  author={Thibault, O. and Hadley, R. and Landfield, P.W.},
  journal={Journal of Neuroscience},
  volume={21},
  number={24},
  pages={9744--9756},
  year={2001},
  note={\href{https://doi.org/10.1523/JNEUROSCI.21-24-09744.2001}{https://doi.org/10.1523/JNEUROSCI.21-24-09744.2001}}
}

@article{thompson1989place,
  title={Place cells and silent cells in the hippocampus of freely-behaving rats},
  author={Thompson, L.T. and Best, P.J.},
  journal={Journal of Neuroscience},
  volume={9},
  number={7},
  pages={2382--2390},
  year={1989},
  note={\href{https://doi.org/10.1523/JNEUROSCI.09-07-02382.1989}{https://doi.org/10.1523/JNEUROSCI.09-07-02382.1989}}
}

@article{toescu2010calcium,
  title={Calcium and normal brain ageing},
  author={Toescu, E.C. and Vreugdenhil, M.},
  journal={Cell Calcium},
  volume={47},
  number={2},
  pages={158--164},
  year={2010},
  note={\href{https://doi.org/10.1016/j.ceca.2009.11.013}{https://doi.org/10.1016/j.ceca.2009.11.013}}
}

@article{tombaugh2002theta,
  title={{Theta-frequency synaptic potentiation in CA1 \textit{in vitro} distinguishes cognitively impaired from unimpaired aged Fischer 344 rats}},
  author={Tombaugh, G.C. and Rowe, W.B. and Chow, A.R. and Michael, T.H. and Rose, G.M.},
  journal={Journal of Neuroscience},
  volume={22},
  number={22},
  pages={9932--9940},
  year={2002},
  note={\href{https://doi.org/10.1523/JNEUROSCI.22-22-09932.2002}{https://doi.org/10.1523/JNEUROSCI.22-22-09932.2002}}
}

@article{tombaugh2005slow,
  title={{The slow afterhyperpolarization in hippocampal CA1 neurons covaries with spatial learning ability in aged Fisher 344 rats}},
  author={Tombaugh, G.C. and Rowe, W.B. and Rose, G.M.},
  journal={Journal of Neuroscience},
  volume={25},
  number={10},
  pages={2609--2616},
  year={2005},
  note={\href{https://doi.org/10.1523/JNEUROSCI.5023-04.2005}{https://doi.org/10.1523/JNEUROSCI.5023-04.2005}}
}

@article{tonkikh2006calcium,
  title={Calcium chelation improves spatial learning and synaptic plasticity in aged rats},
  author={Tonkikh, A. and Janus, C. and El-Beheiry, H. and Pennefather, P.S. and Samoilova, M. and McDonald, P. and Ouanounou, A. and Carlen, P.L.},
  journal={Experimental Neurology},
  volume={197},
  number={2},
  pages={291--300},
  year={2006},
  note={\href{https://doi.org/10.1016/j.expneurol.2005.06.014}{https://doi.org/10.1016/j.expneurol.2005.06.014}}
}

@article{tovar2013triheteromeric,
  title={{Triheteromeric NMDA receptors at hippocampal synapses}},
  author={Tovar, K.R. and McGinley, M.J. and Westbrook, G.L.},
  journal={The Journal of Neuroscience},
  volume={33},
  number={21},
  pages={9150--9160},
  year={2013},
  note={\href{}{}}
}

@misc{triaille2014study,
  title={{Study on the legal framework of text and data mining (TDM)}},
  author={Triaille, J-P. and de Mee{\^u}s d'Argenteuil, J. and de Francquen, A.},
  year={2014},
  howpublished={European Commission},
  note={Retrieved August 2020 from \href{http://dx.doi.org/10.2780/1475}{http://dx.doi.org/10.2780/1475}},
}

@article{tripathy2015brain,
  title={Brain-wide analysis of electrophysiological diversity yields novel categorization of mammalian neuron types},
  author={Tripathy, S.J. and Burton, S.D. and Geramita, M. and Gerkin, R.C. and Urban, N.N.},
  journal={Journal of Neurophysiology},
  volume={113},
  number={10},
  pages={3474--3489},
  year={2015},
  note={\href{https://doi.org/10.1152/jn.00237.2015}{https://doi.org/10.1152/jn.00237.2015}}
}

@article{TsunodaSalkoff1995b,
  title={{The major delayed rectifier in both Drosophila neurons and muscle is encoded by Shab}},
  author={Tsunoda, S. and Salkoff, L.},
  journal={Journal of Neuroscience},
  volume={15},
  number={7},
  pages={5209--5221},
  year={1995},
  note={\href{https://doi.org/10.1523/JNEUROSCI.15-07-05209.1995}{https://doi.org/10.1523/JNEUROSCI.15-07-05209.1995}}
}

@article{turrigiano1999homeostatic,
  title={Homeostatic plasticity in neuronal networks: the more things change, the more they stay the same},
  author={Turrigiano, G.G.},
  journal={Trends in Neurosciences},
  volume={22},
  number={5},
  pages={221--227},
  year={1999},
  note={\href{https://doi.org/10.1016/S0166-2236(98)01341-1}{https://doi.org/10.1016/S0166-2236(98)01341-1}}
}

@article{valero2015environmental,
  title={{Environmental enrichment modulates intrinsic cellular excitability of hippocampal CA1 pyramidal cells in a housing duration and anatomical location-dependent manner}},
  author={Valero-Aracama, M.J. and Sauvage, M.M. and Yoshida, M.},
  journal={Behavioural Brain Research},
  volume={292},
  pages={209--218},
  year={2015},
  note={\href{https://doi.org/10.1016/j.bbr.2015.05.032}{https://doi.org/10.1016/j.bbr.2015.05.032}}
}

@article{vandongen1990alteration,
  title={{Alteration and restoration of {\K} channel function by deletions at the N-and C-termini}},
  author={VanDongen, A.M.J. and Frech, G.C. and Drewe, J.A. and Joho, R.H. and Brown, A.M.},
  journal={Neuron},
  volume={5},
  number={4},
  pages={433--443},
  year={1990},
  note={\href{https://doi.org/10.1016/0896-6273(90)90082-Q}{https://doi.org/10.1016/0896-6273(90)90082-Q}}
}

@article{varga2004calcium,
  title={{Calcium--calmodulin-dependent kinase II modulates Kv4.2 channel expression and upregulates neuronal A-type potassium currents}},
  author={Varga, A.W. and Yuan, L-L. and Anderson, A.E. and Schrader, L.A. and Wu, G-Y. and Gatchel, J.R. and Johnston, D. and Sweatt, J.D.},
  journal={Journal of Neuroscience},
  volume={24},
  number={14},
  pages={3643--3654},
  year={2004},
  publisher={\href{https://doi.org/10.1523/JNEUROSCI.0154-04.2004}{https://doi.org/10.1523/JNEUROSCI.0154-04.2004}}
}

@article{veng2002regionally,
  title={{Regionally selective alterations in expression of the $\alpha_{1D}$ subunit (Ca$_v$1.3) of L-type calcium channels in the hippocampus of aged rats}},
  author={Veng, L.M. and Browning, M.D.},
  journal={Molecular Brain Research},
  volume={107},
  number={2},
  pages={120--127},
  year={2002},
  note={\href{https://doi.org/10.1016/S0169-328X(02)00453-9}{https://doi.org/10.1016/S0169-328X(02)00453-9}}
}

@article{veng2003age,
  title={{Age-related working memory impairment is correlated with increases in the L-type calcium channel protein $\alpha_{1D}$ (Ca$_v$1.3) in area CA1 of the hippocampus and both are ameliorated by chronic nimodipine treatment}},
  author={Veng, L.M. and Mesches, M.H. and Browning, M.D.},
  journal={Molecular Brain Research},
  volume={110},
  number={2},
  pages={193--202},
  year={2003},
  note={\href{https://doi.org/10.1016/S0169-328X(02)00643-5}{https://doi.org/10.1016/S0169-328X(02)00643-5}}
}

@article{vreugdenhil2005age,
  title={Age-dependent reduction of $\gamma$ oscillations in the mouse hippocampus \textit{in vitro}},
  author={Vreugdenhil, M. and Toescu, E.C.},
  journal={Neuroscience},
  volume={132},
  number={4},
  pages={1151--1157},
  year={2005},
  note={\href{https://doi.org/10.1016/j.neuroscience.2005.01.025}{https://doi.org/10.1016/j.neuroscience.2005.01.025}}
}

@article{weer1988voltage,
  title={{Voltage dependence of the Na-K pump}},
  author={Weer, P.D. and Gadsby, D.C. and Rakowski, R.F.},
  journal={Annual Review of Physiology},
  volume={50},
  number={1},
  pages={225--241},
  year={1988},
  note={\href{https://doi.org/10.1146/annurev.ph.50.030188.001301}{https://doi.org/10.1146/annurev.ph.50.030188.001301}}
}

@article{wiener1996spatial,
  title={{Spatial, behavioral and sensory correlates of hippocampal CA1 complex spike cell activity: Implications for information processing functions}},
  author={Wiener, S.I.},
  journal={Progress in Neurobiology},
  volume={49},
  number={4},
  pages={335--361},
  year={1996},
  note={\href{https://doi.org/10.1016/0301-0082(96)00019-6}{https://doi.org/10.1016/0301-0082(96)00019-6}}
}

@article{wheeler2015hippocampome,
  title={Hippocampome.org: a knowledge base of neuron types in the rodent hippocampus},
  author={Wheeler, D.W. and White, C.M. and Rees, C.L. and Komendantov, A.O. and Hamilton, D.J. and Ascoli, G.A.},
  journal={eLife},
  volume={4},
  pages={e09960},
  year={2015},
  note={\href{https://doi.org/10.7554/eLife.09960}{https://doi.org/10.7554/eLife.09960}}
}

@article{white2012examining,
  title={{Examining protection from anoxic depolarization by the drugs dibucaine and carbetapentane using whole cell recording from CA1 neurons}},
  author={White, S.H. and Brisson, C.D. and Andrew, R.D.},
  journal={Journal of Neurophysiology},
  volume={107},
  number={8},
  pages={2083--2095},
  year={2012},
  note={\href{https://doi.org/10.1152/jn.00701.2011}{https://doi.org/10.1152/jn.00701.2011}}
}

@article{wilkniss1997age,
  title={Age-related differences in an ecologically based study of route learning},
  author={Wilkniss, S.M. and Jones, M.G. and Korol, D.L. and Gold, P.E. and Manning, C.A.},
  journal={Psychology and Aging},
  volume={12},
  number={2},
  pages={372},
  year={1997},
  note={\href{https://doi.org/10.1037/0882-7974.12.2.372}{https://doi.org/10.1037/0882-7974.12.2.372}}
}

@article{wilson1993dynamics,
  title={Dynamics of the hippocampal ensemble code for space},
  author={Wlson, M.A. and McNaughton, B.L.},
  journal={Science},
  volume={261},
  pages={1055--1058},
  year={1993},
  note={\href{https://doi.org/10.1126/science.8351520}{https://doi.org/10.1126/science.8351520}}
}

@article{wu2004slow,
  title={{Slow afterhyperpolarization governs the development of NMDA receptor--dependent afterdepolarization in CA1 pyramidal neurons during synaptic stimulation}},
  author={Wu, W.W. and Chan, C.S. and Disterhoft, J.F.},
  journal={Journal of Neurophysiology},
  volume={92},
  number={4},
  pages={2346--2356},
  year={2004},
  note={\href{https://doi.org/10.1152/jn.00977.2003}{https://doi.org/10.1152/jn.00977.2003}}
}

@article{xu2001neuronal,
  title={{Neuronal Ca$_v$1.3 $\alpha_1$ L-type channels activate at relatively hyperpolarized membrane potentials and are incompletely inhibited by dihydropyridines}},
  author={Xu, W. and Lipscombe, D.},
  journal={Journal of Neuroscience},
  volume={21},
  number={16},
  pages={5944--5951},
  year={2001},
  note={\href{https://doi.org/10.1523/JNEUROSCI.21-16-05944.2001}{https://doi.org/10.1523/JNEUROSCI.21-16-05944.2001}}
}

@article{xu2005activity,
  title={{Activity-dependent long-term potentiation of intrinsic excitability in hippocampal CA1 pyramidal neurons}},
  author={Xu, J. and Kang, N. and Jiang, L. and Nedergaard, M. and Kang, J.},
  journal={Journal of Neuroscience},
  volume={25},
  number={7},
  pages={1750--1760},
  year={2005},
  note={\href{https://doi.org/10.1523/JNEUROSCI.4217-04.2005}{https://doi.org/10.1523/JNEUROSCI.4217-04.2005}}
}

@article{yan2009developmental,
  title={{Developmental sensitivity of hippocampal interneurons to ethanol: involvement of the hyperpolarization-activated current, $I_h$}},
  author={Yan, H. and Li, Q. and Fleming, R. and Madison, R.D. and Wilson, W.A. and Swartzwelder, H.S.},
  journal={Journal of Neurophysiology},
  volume={101},
  number={1},
  pages={67--83},
  year={2009},
  note={\href{https://doi.org/10.1152/jn.90557.2008}{https://doi.org/10.1152/jn.90557.2008}}
}

@article{yang2017dl,
  title={{Dl-3n-butylphthalide reduces epileptiform activity through GluA2-lacking calcium-permeable AMPARs in epilepsy models}},
  author={Yang, Q. and Hu, Y-D. and Wang, X-F. and Zheng, F-S.},
  journal={Oncotarget},
  volume={8},
  number={58},
  pages={98242},
  year={2017},
  note={\href{https://doi.org/10.18632/oncotarget.21529}{https://doi.org/10.18632/oncotarget.21529}}
}

@article{yang2010action,
  title={{Action potential changes associated with impairment of functional properties of sodium channels in hippocampal neurons induced by melamine}},
  author={Yang, J-J. and Yang, Z. and Zhang, T.},
  journal={Toxicology Letters},
  volume={198},
  number={2},
  pages={171--176},
  year={2010},
  note={\href{https://doi.org/10.1016/j.toxlet.2010.06.013}{https://doi.org/10.1016/j.toxlet.2010.06.013}}
}

@article{yashiro2008regulation,
  title={{Regulation of NMDA receptor subunit expression and its implications for LTD, LTP, and metaplasticity}},
  author={Yashiro, K. and Philpot, B.D.},
  journal={Neuropharmacology},
  volume={55},
  number={7},
  pages={1081--1094},
  year={2008},
  note={\href{https://doi.org/10.1016/j.neuropharm.2008.07.046}{https://doi.org/10.1016/j.neuropharm.2008.07.046}}
}

@article{ylinen1995intracellular,
  title={Intracellular correlates of hippocampal theta rhythm in identified pyramidal cells, granule cells, and basket cells},
  author={Ylinen, A. and Solt{\'e}sz, I. and Bragin, A. and Penttonen, M. and Sik, A. and Buzs{\'a}ki, G.},
  journal={Hippocampus},
  volume={5},
  number={1},
  pages={78--90},
  year={1995},
  note={\href{https://doi.org/10.1002/hipo.450050110}{https://doi.org/10.1002/hipo.450050110}}
}

@article{yue2004kcnq,
  title={{KCNQ/M channels control spike afterdepolarization and burst generation in hippocampal neurons}},
  author={Yue, C. and Yaari, Y.},
  journal={Journal of Neuroscience},
  volume={24},
  number={19},
  pages={4614--4624},
  year={2004},
  note={\href{https://doi.org/10.1523/JNEUROSCI.0765-04.2004}{https://doi.org/10.1523/JNEUROSCI.0765-04.2004}}
}

@article{yue2005proximal,
  title={{Proximal persistent Na$^{+}$ channels drive spike afterdepolarizations and associated bursting in adult CA1 pyramidal cells}},
  author={Yue, C. and Remy, S. and Su, H. and Beck, H. and Yaari, Y.},
  journal={Journal of Neuroscience},
  volume={25},
  number={42},
  pages={9704--9720},
  year={2005},
  note={\href{https://doi.org/10.1523/JNEUROSCI.1621-05.2005}{https://doi.org/10.1523/JNEUROSCI.1621-05.2005}}
}

@article{yue2006axo,
  title={{Axo-somatic and apical dendritic Kv7/M channels differentially regulate the intrinsic excitability of adult rat CA1 pyramidal cells}},
  author={Yue, C. and Yaari, Y.},
  journal={Journal of Neurophysiology},
  volume={95},
  number={6},
  pages={3480--3495},
  year={2006},
  note={\href{https://doi.org/10.1152/jn.01333.2005}{https://doi.org/10.1152/jn.01333.2005}}
}

@article{zanos2015sex,
  title={{Sex-dependent modulation of age-related cognitive decline by the L-type calcium channel gene \textit{Cacna1c} (Ca$_v$1.2)}},
  author={Zanos, P. and Bhat, S. and Terrillion, C.E. and Smith, R.J. and Tonelli, L.H. and Gould, T.D.},
  journal={European Journal of Neuroscience},
  volume={42},
  number={8},
  pages={2499--2507},
  year={2015},
  note={\href{https://doi.org/10.1111/ejn.12952}{https://doi.org/10.1111/ejn.12952}}
}

@article{zawar1999cell,
  title={{Cell-type specific expression of ATP-sensitive potassium channels in the rat hippocampus}},
  author={Zawar, C. and Plant, T.D. and Schirra, C. and Konnerth, A. and Neumcke, B.},
  journal={Journal of Physiology},
  volume={514},
  number={2},
  pages={327},
  year={1999},
  publisher={\href{}{}}
}

@article{ziv2013long,
  title={{Long-term dynamics of CA1 hippocampal place codes}},
  author={Ziv, Y. and Burns, L.D. and Cocker, E.D. and Hamel, E.O. and Ghosh, K.K. and Kitch, L.J. and El Gamal, A. and Schnitzer, M.J.},
  journal={Nature Neuroscience},
  volume={16},
  number={3},
  pages={264--266},
  year={2013},
  note={\href{https://doi.org/10.1038/nn.3329}{https://doi.org/10.1038/nn.3329}}
}